@article{AartsmaThijsJ1976a,
  author =       {Aartsma, Thijs J and Wiersma, Douwe A},
  title =        {{Photon-echo relaxation in molecular mixed crystals}},
  journal =      {Chemical Physics Letters},
  volume =       42,
  number =       3,
  pages =        {520--524},
  year =         1976,
  doi =          {10.1016/0009-2614(76)80667-7},
  issn =         00092614,
  month =        {sep},
}

@article{AgarwalRitesh2002a,
  author =       {Agarwal, Ritesh and Prall, Bradley S. and Rizvi, Abbas H. and Yang, Mino and
                  Fleming, Graham R.},
  title =        {{Two-color three pulse photon echo peak shift spectroscopy}},
  journal =      {The Journal of Chemical Physics},
  volume =       116,
  number =       14,
  pages =        {6243--6252},
  year =         2002,
  doi =          {10.1063/1.1459414},
  issn =         {0021-9606},
  month =        {apr},
}

@article{ArmstrongDeborahJ2006a,
  author =       {Deborah J. Armstrong},
  title =        {The quarks of object-oriented development},
  journal =      {Communications of the {ACM}},
  volume =       49,
  number =       2,
  pages =        {123--128},
  year =         2006,
  doi =          {10.1145/1113034.1113040},
  month =        {feb},
  publisher =    {Association for Computing Machinery ({ACM})},
}

@article{ArmstrongJA1962a,
  author =       {Armstrong, J. A. and Bloembergen, N. and Ducuing, J. and Pershan, P. S.},
  title =        {{Interactions between Light Waves in a Nonlinear Dielectric}},
  journal =      {Physical Review},
  volume =       127,
  number =       6,
  pages =        {1918--1939},
  year =         1962,
  doi =          {10.1103/PhysRev.127.1918},
  isbn =         {0031-899X},
  issn =         {0031-899X},
  month =        {sep},
}

@article{AsplundMC2000a,
  author =       {Asplund, M. C. and Zanni, M. T. and Hochstrasser, R. M.},
  title =        {{Two-dimensional infrared spectroscopy of peptides by phase-controlled
                  femtosecond vibrational photon echoes}},
  journal =      {Proceedings of the National Academy of Sciences},
  volume =       97,
  number =       15,
  pages =        {8219--8224},
  year =         2000,
  doi =          {10.1073/pnas.140227997},
  issn =         {0027-8424},
  month =        {jul},
}

@article{Asunskis2008,
  author =       {Asunskis, Daniel J and Bolotin, Igor L and Hanley, Luke},
  title =        {{Nonlinear Optical Properties of PbS Nanocrystals Grown in Polymer Solutions}},
  journal =      {The Journal of Physical Chemistry C},
  volume =       112,
  number =       26,
  pages =        {9555--9558},
  year =         2008,
  doi =          {10.1021/jp8037076},
  issn =         {1932-7447},
  month =        {jul},
}

@article{AubockGerald2012a,
  author =       {Aub{\"{o}}ck, Gerald and Consani, Cristina and van Mourik, Frank and Chergui,
                  Majed},
  title =        {{Ultrabroadband femtosecond two-dimensional ultraviolet transient absorption}},
  journal =      {Optics Letters},
  volume =       37,
  number =       12,
  pages =        2337,
  year =         2012,
  doi =          {10.1364/OL.37.002337},
  issn =         {0146-9592},
  month =        {jun},
}

@article{AugulisRamunas2011a,
  author =       {Augulis, Ramūnas and Zigmantas, Donatas},
  title =        {Two-dimensional electronic spectroscopy with double modulation lock-in detection:
                  enhancement of sensitivity and noise resistance.},
  journal =      {Optics express},
  volume =       19,
  number =       14,
  pages =        {13126--13133},
  year =         2011,
  doi =          {10.1364/OE.19.013126},
  month =        {jun},
}

@article{BakkerHJ2002a,
  author =       {Bakker, H. J. and Nienhuys, H.-K. and Gallot, G. and Lascoux, N. and Gale, G. M.
                  and Leicknam, J.-C. and Bratos, S.},
  title =        {{Transient absorption of vibrationally excited water}},
  journal =      {The Journal of Chemical Physics},
  volume =       116,
  number =       6,
  pages =        {2592--2598},
  year =         2002,
  doi =          {10.1063/1.1432687},
  issn =         {0021-9606},
  month =        {feb},
}

@article{BarnesNick2010a,
  author =       {Nick Barnes},
  title =        {Publish your computer code: it is good enough},
  journal =      {Nature},
  volume =       467,
  number =       7317,
  pages =        {753--753},
  year =         2010,
  doi =          {10.1038/467753a},
  month =        {oct},
  publisher =    {Springer Nature},
}

@article{BaxterSusanM2006a,
  author =       {Susan M. Baxter and Steven W. Day and Jacquelyn S. Fetrow and Stephanie J.
                  Reisinger},
  title =        {Scientific Software Development Is Not an Oxymoron},
  journal =      {{PLoS} Computational Biology},
  volume =       2,
  number =       9,
  pages =        {e87},
  year =         2006,
  doi =          {10.1371/journal.pcbi.0020087},
  publisher =    {Public Library of Science ({PLoS})},
}

@article{BesemannDanielM2004a,
  author =       {Besemann, Daniel M. and Meyer, Kent A. and Wright, John C.},
  title =        {{Spectroscopic Characteristics of Triply Vibrationally Enhanced Four-Wave Mixing
                  Spectroscopy †}},
  journal =      {The Journal of Physical Chemistry B},
  volume =       108,
  number =       29,
  pages =        {10493--10504},
  year =         2004,
  doi =          {10.1021/jp049597l},
  issn =         {1520-6106},
  month =        {jul},
}

@article{BiggsJasonD2012a,
  author =       {J. D. Biggs and J. A. Voll and S. Mukamel},
  title =        {Coherent nonlinear optical studies of elementary processes in biological
                  complexes: diagrammatic techniques based on the wave function versus the density
                  matrix},
  journal =      {Philosophical Transactions of the Royal Society A: Mathematical, Physical and
                  Engineering Sciences},
  volume =       370,
  number =       1972,
  pages =        {3709--3727},
  year =         2012,
  doi =          {10.1098/rsta.2011.0219},
  month =        {jul},
  publisher =    {The Royal Society},
}

@article{BirkedaDl1996a,
  author =       {D. Birkedal and V. G. Lyssenko and J. M. Hvam and K. El Sayed},
  title =        {Continuum contribution to excitonic four-wave mixing due to interaction-induced
                  nonlinearities},
  journal =      {Physical Review B},
  volume =       54,
  number =       20,
  pages =        {R14250--R14253},
  year =         1996,
  doi =          {10.1103/physrevb.54.r14250},
  month =        {nov},
  publisher =    {American Physical Society ({APS})},
}

@article{BoyleErinSelene2013a,
  author =       {Boyle, Erin Selene and Pakoulev, Andrei V. and Wright, John C.},
  title =        {{Fully Coherent Triple Sum Frequency Spectroscopy of a Benzene Fermi Resonance}},
  journal =      {The Journal of Physical Chemistry A},
  volume =       117,
  number =       27,
  pages =        {5578--5588},
  year =         2013,
  doi =          {10.1021/jp404713x},
  isbn =         {1089-5639},
  issn =         {1089-5639},
  month =        {jul},
  pmid =         23773174,
}

@article{BoyleErinSelene2013b,
  author =       {Boyle, Erin S and Neff-Mallon, Nathan A and Wright, John C},
  title =        {{Triply Resonant Sum Frequency Spectroscopy: Combining Advantages of Resonance
                  Raman and 2D-IR}},
  journal =      {The Journal of Physical Chemistry A},
  volume =       117,
  number =       47,
  pages =        {12401--12408},
  year =         2013,
  doi =          {10.1021/jp409377a},
  issn =         {1089-5639},
  month =        {nov},
}

@article{BoyleErinSelene2014a,
  author =       {Boyle, Erin S and Neff-Mallon, Nathan A. and Handali, Jonathan D and Wright, John
                  C},
  title =        {{Resonance IR: A Coherent Multidimensional Analogue of Resonance Raman}},
  journal =      {The Journal of Physical Chemistry A},
  volume =       118,
  number =       17,
  pages =        {3112--3119},
  year =         2014,
  doi =          {10.1021/jp5018554},
  issn =         {1089-5639},
  month =        {may},
}

@article{BritoCruzCH1988a,
  author =       {{Brito Cruz}, C.H. and Gordon, J.P. and Becker, P.C. and Fork, R.L. and Shank,
                  C.V.},
  title =        {{Dynamics of spectral hole burning}},
  journal =      {IEEE Journal of Quantum Electronics},
  volume =       24,
  number =       2,
  pages =        {261--269},
  year =         1988,
  doi =          {10.1109/3.122},
  issn =         {0018-9197},
  month =        {feb},
}

@article{BrixnerTobias2004a,
  author =       {Brixner, Tobias and Man{\v{c}}al, Tom{\'{a}}{\v{s}} and Stiopkin, Igor V. and
                  Fleming, Graham R.},
  title =        {{Phase-stabilized two-dimensional electronic spectroscopy}},
  journal =      {The Journal of Chemical Physics},
  volume =       121,
  number =       9,
  pages =        {4221--4236},
  year =         2004,
  doi =          {10.1063/1.1776112},
  issn =         {0021-9606},
  month =        {sep},
  pmid =         15332970,
}

@misc{CRAN,
  note =         {Accessed: 2018-04-04},
  title =        {The Comprehensive R Archive Network},
  url =          {https://cran.r-project.org/},
}

@article{Cademartiri2006,
  author =       {Cademartiri, Ludovico and Montanari, Erica and Calestani, Gianluca and Migliori,
                  Andrea and Guagliardi, Antonietta and Ozin, Geoffrey A},
  title =        {{Size-Dependent Extinction Coefficients of PbS Quantum Dots}},
  journal =      {Journal of the American Chemical Society},
  volume =       128,
  number =       31,
  pages =        {10337--10346},
  year =         2006,
  doi =          {10.1021/ja063166u},
  issn =         {0002-7863},
  month =        {aug},
}

@article{CardDavidN1986a,
  author =       {David N. Card and Victor E. Church and William W. Agresti},
  title =        {An empirical study of software design practices},
  journal =      {{IEEE} Transactions on Software Engineering},
  volume =       {{SE}-12},
  number =       2,
  pages =        {264--271},
  year =         1986,
  doi =          {10.1109/tse.1986.6312942},
  month =        {feb},
  publisher =    {Institute of Electrical and Electronics Engineers ({IEEE})},
}

@phdthesis{CarlsonRogerJohn1988a,
  author =       {Roger John Carlson},
  school =       {University of Wisconsin-Madison},
  title =        {Quantitative Aspects of High Resolution, Fully Resonant, Four-Wave Mixing
                  Spectroscopy For the Analysis of Vibronic Mode Coupling in Molecules},
  year =         1988,
}

@article{CarlsonRogerJohn1989a,
  author =       {Roger J. Carlson and John C. Wright},
  title =        {Absorption and Coherent Interference Effects in Multiply Resonant Four-Wave
                  Mixing Spectroscopy},
  journal =      {Applied Spectroscopy},
  volume =       43,
  number =       7,
  pages =        {1195--1208},
  year =         1989,
  doi =          {10.1366/0003702894203408},
  url =          {https://doi.org/10.1366/0003702894203408},
  month =        {sep},
  publisher =    {{SAGE} Publications},
}

@article{CarlsonRogerJohn1990a,
  author =       {Carlson, Roger J. and Wright, John C.},
  title =        {{Line narrowing in multiresonant third order molecular spectroscopies}},
  journal =      {Journal of Molecular Spectroscopy},
  volume =       143,
  number =       1,
  pages =        {1--17},
  year =         1990,
  doi =          {10.1016/0022-2852(90)90256-P},
  issn =         00222852,
  month =        {sep},
}

@article{CarlsonRogerJohn1990b,
  author =       {Carlson, Roger J and Wright, John C},
  title =        {{Analysis of vibrational correlations and couplings in the lowest two singlet
                  states of pentacene by high resolution, fully resonant, coherent four‐wave mixing
                  spectroscopy}},
  journal =      {The Journal of Chemical Physics},
  volume =       92,
  number =       9,
  pages =        {5186--5195},
  year =         1990,
  doi =          {10.1063/1.458553},
  issn =         {0021-9606},
  month =        {may},
}

@article{CarlsonRogerJohn1990c,
  author =       {Carlson, Roger J and Nguyen, Dinh C and Wright, John C},
  title =        {{Analysis of vibronic mode coupling in pentacene by fully resonant coherent
                  four‐wave mixing}},
  journal =      {The Journal of Chemical Physics},
  volume =       92,
  number =       3,
  pages =        {1538--1546},
  year =         1990,
  doi =          {10.1063/1.458084},
  issn =         {0021-9606},
  month =        {feb},
}

@article{CarlsonRogerJohn1991a,
  author =       {Carlson, Roger J. and Wright, John C},
  title =        {{Enhanced selectivity for spectrochemical measurement by mode selection in fully
                  resonant nonlinear mixing}},
  journal =      {Analytical Chemistry},
  volume =       63,
  number =       14,
  pages =        {1449--1451},
  year =         1991,
  doi =          {10.1021/ac00014a019},
  issn =         {0003-2700},
  month =        {jul},
}

@inproceedings{CarverJeffreyC2007a,
  author =       {Jeffrey C. Carver and Richard P. Kendall and Susan E. Squires and Douglass E.
                  Post},
  title =        {Software Development Environments for Scientific and Engineering Software: A
                  Series of Case Studies},
  booktitle =    {29th International Conference on Software Engineering
                  ({ICSE}{\textquotesingle}07)},
  year =         2007,
  doi =          {10.1109/icse.2007.77},
  month =        {may},
  publisher =    {{IEEE}},
}

@article{CastellanosGomezA2012a,
  author =       {A. Castellanos-Gomez and M. Barkelid and A. M. Goossens and V. E. Calado and H.
                  S. J. van der Zant and G. A. Steele},
  title =        {Laser-Thinning of {MoS}2: On Demand Generation of a Single-Layer Semiconductor},
  journal =      {Nano Letters},
  volume =       12,
  number =       6,
  pages =        {3187--3192},
  year =         2012,
  doi =          {10.1021/nl301164v},
  month =        {jun},
  publisher =    {American Chemical Society ({ACS})},
}

@article{CerulloGiulio2003a,
  author =       {Giulio Cerullo and Sandro De Silvestri},
  title =        {Ultrafast optical parametric amplifiers},
  journal =      {Review of Scientific Instruments},
  volume =       74,
  number =       1,
  pages =        {1--18},
  year =         2003,
  doi =          {10.1063/1.1523642},
  month =        {jan},
  publisher =    {{AIP} Publishing},
}

@article{ChangYunhee1999a,
  author =       {Yunhee Chang and Kwanghee Lee and R Kiebooms and A Aleshin and A.J Heeger},
  title =        {Reflectance of conducting poly(3, 4-ethylenedioxythiophene)},
  journal =      {Synthetic Metals},
  volume =       105,
  number =       3,
  pages =        {203--206},
  year =         1999,
  doi =          {10.1016/s0379-6779(99)00095-8},
  url =          {https://doi.org/10.1016/s0379-6779(99)00095-8},
  month =        {sep},
  publisher =    {Elsevier {BV}},
}

@article{Cheng2001,
  author =       {Cheng, Ji-xin and Volkmer, Andreas and Book, Lewis D and Xie, X Sunney},
  title =        {{An Epi-Detected Coherent Anti-Stokes Raman Scattering (E-CARS) Microscope with
                  High Spectral Resolution and High Sensitivity}},
  journal =      {The Journal of Physical Chemistry B},
  volume =       105,
  number =       7,
  pages =        {1277--1280},
  year =         2001,
  doi =          {10.1021/jp003774a},
  isbn =         {1520-6106},
  issn =         {1520-6106},
}

@article{ChengJixin2001a,
  author =       {Cheng, Ji-xin and Volkmer, Andreas and Book, Lewis D and Xie, X Sunney},
  title =        {An Epi-Detected Coherent Anti-Stokes Raman Scattering (E-CARS) Microscope with
                  High Spectral Resolution and High Sensitivity},
  journal =      {The Journal of Physical Chemistry B},
  volume =       105,
  number =       7,
  pages =        {1277--1280},
  year =         2001,
  doi =          {10.1021/jp003774a},
  month =        {feb},
}

@article{Cherlow1976,
  author =       {Cherlow, J. and Yang, T. and Hellwarth, R.},
  title =        {{Nonlinear optical susceptibilities of solvents}},
  journal =      {IEEE Journal of Quantum Electronics},
  volume =       12,
  number =       10,
  pages =        {644--646},
  year =         1976,
  doi =          {10.1109/JQE.1976.1069058},
  issn =         {0018-9197},
  month =        {oct},
}

@article{ChoByungmoon2009a,
  author =       {Cho, Byungmoon and Yetzbacher, Michael K and Kitney, Katherine A. and Smith, Eric
                  R and Jonas, David M.},
  title =        {{Propagation and Beam Geometry Effects on Two-Dimensional Fourier Transform
                  Spectra of Multilevel Systems †}},
  journal =      {The Journal of Physical Chemistry A},
  volume =       113,
  number =       47,
  pages =        {13287--13299},
  year =         2009,
  doi =          {10.1021/jp904504z},
  issn =         {1089-5639},
  month =        {nov},
}

@article{ChoMinhaeng1992a,
  author =       {Cho, Minhaeng and Scherer, Norbert F and Fleming, Graham R and Mukamel, Shaul},
  title =        {{Photon echoes and related four‐wave‐mixing spectroscopies using phase‐locked
                  pulses}},
  journal =      {The Journal of Chemical Physics},
  volume =       96,
  number =       8,
  pages =        {5618--5629},
  year =         1992,
  doi =          {10.1063/1.462686},
  issn =         {0021-9606},
  month =        {apr},
}

@article{ChoShinuk2005a,
  author =       {Shinuk Cho and Sungheum Park and Kwanghee Lee},
  title =        {Reflectance study on the metal-insulator transition driven by crystallinity
                  change in poly(3,4-ethylenedioxy thiophene)/poly(styrenesulfonate) films},
  journal =      {Journal of the Korean Physical Society},
  volume =       47,
  number =       3,
  pages =        {474--478},
  year =         2005,
}

@article{Crisp1970,
  author =       {Crisp, M. D.},
  title =        {{Propagation of Small-Area Pulses of Coherent Light through a Resonant Medium}},
  journal =      {Physical Review A},
  volume =       1,
  number =       6,
  pages =        {1604--1611},
  year =         1970,
  doi =          {10.1103/PhysRevA.1.1604},
  issn =         {0556-2791},
  month =        {jun},
}

@article{CundiffStevenT1996a,
  author =       {S. T. Cundiff and M. Koch and W. H. Knox and J. Shah and W. Stolz},
  title =        {Optical Coherence in Semiconductors: Strong Emission Mediated by Nondegenerate
                  Interactions},
  journal =      {Physical Review Letters},
  volume =       77,
  number =       6,
  pages =        {1107--1110},
  year =         1996,
  doi =          {10.1103/physrevlett.77.1107},
  month =        {aug},
  publisher =    {American Physical Society ({APS})},
}

@article{CundiffStevenT2008a,
  author =       {Steven T. Cundiff},
  title =        {Coherent spectroscopy of semiconductors},
  journal =      {Optics Express},
  volume =       16,
  number =       7,
  pages =        4639,
  year =         2008,
  doi =          {10.1364/oe.16.004639},
  month =        {mar},
}

@article{CzechKyleJonathan2015a,
  author =       {Kyle J. Czech and Blaise J. Thompson and Schuyler Kain and Qi
                  Ding and Melinda J. Shearer and Robert J. Hamers and Song Jin
                  and John C. Wright},
  title =        {Measurement of Ultrafast Excitonic Dynamics of Few-Layer
                  {MoS}2Using State-Selective Coherent Multidimensional
                  Spectroscopy},
  journal =      {{ACS} Nano},
  volume =       9,
  number =       12,
  pages =        {12146--12157},
  year =         2015,
  doi =          {10.1021/acsnano.5b05198},
  month =        {dec},
}

@article{Dai2009,
  author =       {Dai, Quanqin and Wang, Yingnan Yiding and Li, Xinbi and Zhang, Yu and Pellegrino,
                  Donald J. and Zhao, Muxun and Zou, Bo and Seo, JaeTae and Wang, Yingnan Yiding
                  and Yu, William W.},
  title =        {{Size-dependent composition and molar extinction coefficient of PbSe
                  semiconductor nanocrystals.}},
  journal =      {ACS nano},
  volume =       3,
  number =       6,
  pages =        {1518--24},
  year =         2009,
  doi =          {10.1021/nn9001616},
  isbn =         {1936-0851},
  issn =         {1936-086X},
  month =        {jun},
  pmid =         19435305,
}

@article{DeBoeijWimP1995a,
  author =       {de Boeij, Wim P. and Pshenichnikov, Maxim S. and Wiersma, Douwe A.},
  title =        {{Phase-locked heterodyne-detected stimulated photon echo. A unique tool to study
                  solute—solvent interactions}},
  journal =      {Chemical Physics Letters},
  volume =       238,
  number =       {1-3},
  pages =        {1--8},
  year =         1995,
  doi =          {10.1016/0009-2614(95)00452-1},
  isbn =         {0009-2614},
  issn =         00092614,
  month =        {may},
}

@article{DeBoeijWimP1996a,
  author =       {de Boeij, Wim P and Pshenichnikov, Maxim S and Wiersma, Douwe A},
  title =        {{On the relation between the echo-peak shift and Brownian-oscillator correlation
                  function}},
  journal =      {Chemical Physics Letters},
  volume =       253,
  number =       {1-2},
  pages =        {53--60},
  year =         1996,
  doi =          {10.1016/0009-2614(96)00207-2},
  issn =         00092614,
  month =        {apr},
}

@article{DeBoeijWimP1998a,
  author =       {de Boeij, Wim P and Pshenichnikov, Maxim S and Wiersma, Douwe A},
  title =        {{ULTRAFAST SOLVATION DYNAMICS EXPLORED BY FEMTOSECOND PHOTON ECHO
                  SPECTROSCOPIES}},
  journal =      {Annual Review of Physical Chemistry},
  volume =       49,
  number =       1,
  pages =        {99--123},
  year =         1998,
  doi =          {10.1146/annurev.physchem.49.1.99},
  isbn =         {0066-426X},
  issn =         {0066-426X},
  month =        {oct},
  pmid =         15012426,
}

@article{DeGeyterBram2012a,
  author =       {{De Geyter}, Bram and Geiregat, Pieter and Gao, Yunan and {Ten Cate}, Sybren and
                  Houtepen, Arjan J. and Schins, Juleon M. and {Van Thourhout}, Dries and
                  Siebbeles, Laurens D A and Hens, Zeger},
  title =        {{Broadband and picosecond intraband absorption in lead based colloidal quantum
                  dots}},
  journal =      {ACS Nano},
  number =       7,
  pages =        {6067--6074},
  year =         2012,
  doi =          {10.1109/ICTON.2012.6254469},
  isbn =         9781467322270,
  issn =         21627339,
}

@article{DeegFW1989a,
  author =       {Deeg, F. W. and Fayer, M. D.},
  title =        {{Analysis of complex molecular dynamics in an organic liquid by polarization
                  selective subpicosecond transient grating experiments}},
  journal =      {The Journal of Chemical Physics},
  volume =       91,
  number =       4,
  pages =        {2269--2279},
  year =         1989,
  doi =          {10.1063/1.457034},
  issn =         {0021-9606},
  month =        {aug},
}

@article{DickBernhard1983a,
  author =       {Dick, Bernhard and Hochstrasser, R.M.},
  title =        {{Resonant non-linear spectroscopy in strong fields}},
  journal =      {Chemical Physics},
  volume =       75,
  number =       2,
  pages =        {133--155},
  year =         1983,
  doi =          {10.1016/0301-0104(83)85015-0},
  issn =         03010104,
  month =        {mar},
}

@article{DiracPaulAdrienMaurice1939a,
  author =       {P. A. M. Dirac},
  title =        {A new notation for quantum mechanics},
  journal =      {Mathematical Proceedings of the Cambridge Philosophical Society},
  volume =       35,
  number =       03,
  pages =        416,
  year =         1939,
  doi =          {10.1017/s0305004100021162},
  month =        {jul},
  publisher =    {Cambridge University Press ({CUP})},
}

@article{DochertyCallumJ2014a,
  author =       {Callum J. Docherty and Patrick Parkinson and Hannah J. Joyce and Ming-Hui Chiu
                  and Chang-Hsiao Chen and Ming-Yang Lee and Lain-Jong Li and Laura M. Herz and
                  Michael B. Johnston},
  title =        {Ultrafast Transient Terahertz Conductivity of Monolayer {MoS}2 and {WSe}2 Grown
                  by Chemical Vapor Deposition},
  journal =      {{ACS} Nano},
  volume =       8,
  number =       11,
  pages =        {11147--11153},
  year =         2014,
  doi =          {10.1021/nn5034746},
  month =        {nov},
  publisher =    {American Chemical Society ({ACS})},
}

@phdthesis{DonaldsonPaulMurray2007a,
  author =       {Donaldson, Paul Murray},
  school =       {Imperial College London},
  title =        {Two Dimensional Infrared Four Wave Mixing Spectroscopy of Simple Molecules,
                  Peptides, and Proteins},
  year =         2012,
}

@article{DonaldsonPaulMurray2007b,
  author =       {Donaldson, Paul M and Guo, Rui and Fournier, Frederic and Gardner, Elizabeth M
                  and Barter, Laura M C and Barnett, Chris J and Gould, Ian R and Klug, David R and
                  Palmer, D Jason and Willison, Keith R},
  title =        {{Direct identification and decongestion of Fermi resonances by control of pulse
                  time ordering in two-dimensional IR spectroscopy}},
  journal =      {The Journal of Chemical Physics},
  volume =       127,
  number =       11,
  pages =        114513,
  year =         2007,
  doi =          {10.1063/1.2771176},
  issn =         {0021-9606},
  month =        {sep},
}

@article{DonaldsonPaulMurray2008a,
  author =       {Donaldson, Paul M and Guo, Rui and Fournier, Frederic and Gardner, Elizabeth M
                  and Gould, Ian R and Klug, David R},
  title =        {{Decongestion of methylene spectra in biological and non-biological systems using
                  picosecond 2DIR spectroscopy measuring electron-vibration–vibration coupling}},
  journal =      {Chemical Physics},
  volume =       350,
  number =       {1-3},
  pages =        {201--211},
  year =         2008,
  doi =          {10.1016/j.chemphys.2008.02.050},
  issn =         03010104,
  month =        {jun},
}

@article{DonaldsonPaulMurray2010a,
  author =       {Donaldson, Paul M and Willison, Keith R and Klug, David R},
  title =        {{Generation of Simplified Protein Raman Spectra Using Three-Color Picosecond
                  Coherent Anti-Stokes Raman Spectroscopy}},
  journal =      {The Journal of Physical Chemistry B},
  volume =       114,
  number =       37,
  pages =        {12175--12181},
  year =         2010,
  doi =          {10.1021/jp1061607},
  issn =         {1520-6106},
  month =        {sep},
}

@article{DoughertyMatthewT2009a,
  author =       {Matthew T. Dougherty and Michael J. Folk and Erez Zadok and Herbert J. Bernstein
                  and Frances C. Bernstein and Kevin W. Eliceiri and Werner Benger and Christoph
                  Best},
  title =        {Unifying biological image formats with {HDF}5},
  journal =      {Communications of the {ACM}},
  volume =       52,
  number =       10,
  pages =        42,
  year =         2009,
  doi =          {10.1145/1562764.1562781},
  month =        {oct},
  publisher =    {Association for Computing Machinery ({ACM})},
}

@article{DruetSAJ1979a,
  author =       {Druet, S.A.J. and Taran, J.-P.E. and Bord{\'{e}}, Ch J},
  title =        {{Line shape and Doppler broadening in resonant CARS and related nonlinear
                  processes through a diagrammatic approach}},
  journal =      {Journal de Physique},
  volume =       40,
  number =       9,
  pages =        {819--840},
  year =         1979,
  doi =          {10.1051/jphys:01979004009081900},
  issn =         {0302-0738},
}

@article{Du2002,
  author =       {Du, Hui and Chen, Chialing and Krishnan, Rishikesh and Krauss, Todd D. and
                  Harbold, Jeffrey M. and Wise, Frank W. and Thomas, Malcolm G. and Silcox, John},
  title =        {{Optical Properties of Colloidal PbSe Nanocrystals}},
  journal =      {Nano Letters},
  volume =       2,
  number =       11,
  pages =        {1321--1324},
  year =         2002,
  doi =          {10.1021/nl025785g},
  isbn =         {1530-6984},
  issn =         {1530-6984},
  month =        {nov},
}

@article{EckbrethAlanC1978a,
  author =       {Alan C. Eckbreth},
  title =        {{BOXCARS}: Crossed-beam phase-matched {CARS} generation in
                  gases},
  journal =      {Applied Physics Letters},
  volume =       32,
  number =       7,
  pages =        {421--423},
  year =         1978,
  doi =          {10.1063/1.90070},
  month =        {apr},
}

@article{EmdeMichelF1998a,
  author =       {Emde, Michel F and Baltuska, Andrius and Kummrow, Andreas and Pshenichnikov,
                  Maxim S and Wiersma, Douwe A},
  title =        {{Ultrafast Librational Dynamics of the Hydrated Electron}},
  journal =      {Physical Review Letters},
  volume =       80,
  number =       21,
  pages =        {4645--4648},
  year =         1998,
  doi =          {10.1103/PhysRevLett.80.4645},
  issn =         {0031-9007},
  month =        {may},
}

@article{Etchepare1985,
  author =       {Etchepare, J and Grillon, G and Thomazeau, I and Migus, A and Antonetti, A},
  title =        {{Third-order electronic susceptibilities of liquids measured by femtosecond
                  kinetics of optical Kerr effect}},
  journal =      {Journal of the Optical Society of America B},
  volume =       2,
  number =       4,
  pages =        649,
  year =         1985,
  doi =          {10.1364/JOSAB.2.000649},
  issn =         {0740-3224},
  month =        {apr},
}

@misc{FITS,
  note =         {Accessed: 2018-03-27},
  title =        {FITS: Flexable image transport},
  url =          {https://fits.gsfc.nasa.gov/},
}

@article{FangHui2014a,
  author =       {H. Fang and C. Battaglia and C. Carraro and S. Nemsak and B.
                  Ozdol and J. S. Kang and H. A. Bechtel and S. B. Desai and F.
                  Kronast and A. A. Unal and G. Conti and C. Conlon and G. K.
                  Palsson and M. C. Martin and A. M. Minor and C. S. Fadley and
                  E. Yablonovitch and R. Maboudian and A. Javey},
  title =        {Strong interlayer coupling in van der Waals heterostructures
                  built from single-layer chalcogenides},
  journal =      {Proceedings of the National Academy of Sciences},
  volume =       111,
  number =       17,
  pages =        {6198--6202},
  year =         2014,
  doi =          {10.1073/pnas.1405435111},
  month =        {apr},
}

@misc{FileExchange,
  note =         {Accessed: 2018-04-04},
  title =        {File Exchange - MATLAB Central},
  url =          {https://www.mathworks.com/matlabcentral/fileexchange},
}



@article{FlemingGrahmR1998a,
  author =       {Fleming, G. R. and Passino, S A and Nagasawa, Y.},
  title =        {{The interaction of solutes with their environments}},
  journal =      {Philosophical Transactions of the Royal Society A: Mathematical, Physical and
                  Engineering Sciences},
  volume =       356,
  number =       1736,
  pages =        {389--404},
  year =         1998,
  doi =          {10.1098/rsta.1998.0172},
  issn =         {1364-503X},
  month =        {feb},
}

@inproceedings{FolkMike2011a,
  author =       {Mike Folk and Gerd Heber and Quincey Koziol and Elena Pourmal and Dana Robinson},
  title =        {An overview of the {HDF}5 technology suite and its applications},
  booktitle =    {Proceedings of the {EDBT}/{ICDT} 2011 Workshop on Array Databases - {AD}
                  {\textquotesingle}11},
  year =         2011,
  doi =          {10.1145/1966895.1966900},
  publisher =    {{ACM} Press},
}

@article{FourkasJohnT1992a,
  author =       {Fourkas, John T. and Trebino, Rick and Fayer, M. D.},
  title =        {{The grating decomposition method: A new approach for understanding
                  polarization‐selective transient grating experiments. I. Theory}},
  journal =      {The Journal of Chemical Physics},
  volume =       97,
  number =       1,
  pages =        {69--77},
  year =         1992,
  doi =          {10.1063/1.463565},
  issn =         {0021-9606},
  month =        {jul},
}

@article{FourkasJohnT1992b,
  author =       {Fourkas, John T and Trebino, Rick and Fayer, M D},
  title =        {{The grating decomposition method: A new approach for understanding
                  polarization‐selective transient grating experiments. II. Applications}},
  journal =      {The Journal of Chemical Physics},
  volume =       97,
  number =       1,
  pages =        {78--85},
  year =         1992,
  doi =          {10.1063/1.463525},
  issn =         {0021-9606},
  month =        {jul},
}

@article{FournierFrederic2008a,
  author =       {Fournier, Fr{\'{e}}d{\'{e}}ric and Gardner, Elizabeth M and Kedra, Darek a and
                  Donaldson, Paul M and Guo, Rui and Butcher, Sarah a and Gould, Ian R and
                  Willison, Keith R and Klug, David R},
  title =        {{Protein identification and quantification by two-dimensional infrared
                  spectroscopy: implications for an all-optical proteomic platform.}},
  journal =      {Proceedings of the National Academy of Sciences of the United States of America},
  volume =       105,
  number =       40,
  pages =        {15352--7},
  year =         2008,
  doi =          {10.1073/pnas.0805127105},
  isbn =         {0027-8424},
  issn =         {0027-8424},
  month =        {oct},
  pmid =         18832166,
}

@article{FournierFrederic2009a,
  author =       {Frederic Fournier and Rui Guo and Elizabeth M. Gardner and Paul M. Donaldson and
                  Christian Loeffeld and Ian R. Gould and Keith R. Willison and David R. Klug},
  title =        {Biological and Biomedical Applications of Two-Dimensional Vibrational
                  Spectroscopy: Proteomics, Imaging, and Structural Analysis},
  journal =      {Accounts of Chemical Research},
  volume =       42,
  number =       9,
  pages =        {1322--1331},
  year =         2009,
  doi =          {10.1021/ar900074p},
  month =        {sep},
  publisher =    {American Chemical Society ({ACS})},
}

@article{FurutaKoichi2012a,
  author =       {Furuta, Koichi and Fuyuki, Masanori and Wada, Akihide},
  title =        {Cross-Term Selective, Two-Pulse Correlation Measurements by Phase-Shifted
                  Parallel Modulation for Analysis of a Multi-Photon Process},
  journal =      {Applied Spectroscopy},
  volume =       66,
  number =       12,
  pages =        {1475--1479},
  year =         2012,
  doi =          {10.1366/12-06657},
  month =        {dec},
}

@article{GallagherSarahM1998a,
  author =       {Gallagher, Sarah M and Albrecht, Allison W and Hybl, John D and Landin, Brett L
                  and Rajaram, Bhavani and Jonas, David M},
  title =        {{Heterodyne detection of the complete electric field of femtosecond four-wave
                  mixing signals}},
  journal =      {Journal of the Optical Society of America B},
  volume =       15,
  number =       8,
  pages =        2338,
  year =         1998,
  doi =          {10.1364/JOSAB.15.002338},
  issn =         {0740-3224},
  month =        {aug},
}

@article{Gdor2013a,
  author =       {Gdor, Itay and Yang, Chunfan and Yanover, Diana and Sachs, Hanan and Lifshitz,
                  Efrat and Ruhman, Sanford},
  title =        {{Novel Spectral Decay Dynamics of Hot Excitons in PbSe Nanocrystals: A Tunable
                  Femtosecond Pump–Hyperspectral Probe Study}},
  journal =      {The Journal of Physical Chemistry C},
  volume =       117,
  number =       49,
  pages =        {26342--26350},
  year =         2013,
  doi =          {10.1021/jp409530z},
  isbn =         1557522790,
  issn =         {1932-7447},
  month =        {dec},
}

@article{GdorItay2015a,
  author =       {Gdor, Itay and Shapiro, Arthur and Yang, Chunfan and Yanover,
                  Diana and Lifshitz, Efrat and Ruhman, Sanford},
  title =        {{Three-pulse femtosecond spectroscopy of PbSe nanocrystals: 1S
                  bleach nonlinearity and sub-band-edge excited-state absorption
                  assignment}},
  journal =      {ACS Nano},
  volume =       9,
  number =       2,
  pages =        {2138--2147},
  year =         2015,
  doi =          {10.1021/nn5074868},
}

@article{GdorItay2015b,
  author =       {Gdor, Itay and Yanover, Dianna and Yang, Chunfan and Shapiro, Arthur and
                  Lifshitz, Efrat and Ruhman, Sanford},
  title =        {{Three Pulse Femtosecond Spectroscopy of PbSe Nano-Crystals ; 1S Bleach
                  Nonlinearity and Sub Band-Edge Excited State Absorption Assignment Three Pulse
                  Femtosecond Spectroscopy of PbSe nano-Crystals ; 1S Bleach Nonlinearity and Sub
                  Band-edge Excited State A}},
  journal =      {ACS Nano},
  pages =        {2--5},
  year =         2015,
  doi =          {10.1021/nn5074868},
}

@article{GeiregatPieter2014a,
  author =       {Geiregat, Pieter and Houtepen, Arjan J. and Justo, Yolanda and Grozema, Ferdinand
                  C. and {Van Thourhout}, Dries and Hens, Zeger},
  title =        {{Coulomb Shifts upon Exciton Addition to Photoexcited PbS Colloidal Quantum
                  Dots}},
  journal =      {The Journal of Physical Chemistry C},
  volume =       118,
  number =       38,
  pages =        {22284--22290},
  year =         2014,
  doi =          {10.1021/jp505530k},
  issn =         {1932-7447},
  month =        {sep},
}

@article{GelinMaximF2005a,
  author =       {Gelin, Maxim F. and Egorova, Dassia and Domcke, Wolfgang},
  title =        {{Efficient method for the calculation of time- and frequency-resolved four-wave
                  mixing signals and its application to photon-echo spectroscopy}},
  journal =      {The Journal of Chemical Physics},
  volume =       123,
  number =       16,
  pages =        164112,
  year =         2005,
  doi =          {10.1063/1.2062188},
  issn =         {0021-9606},
  month =        {oct},
  pmid =         16268686,
}

@article{GelinMaximF2009a,
  author =       {Gelin, Maxim F. and Egorova, Dassia and Domcke, Wolfgang},
  title =        {{Efficient calculation of the polarization induced by N coherent laser pulses.}},
  journal =      {The Journal of chemical physics},
  volume =       131,
  number =       19,
  pages =        194103,
  year =         2009,
  doi =          {10.1063/1.3265213},
  isbn =         {0021-9606},
  issn =         {1089-7690},
  month =        {nov},
  pmid =         19929042,
}

@article{GelinMaximF2009b,
  author =       {Gelin, Maxim F. and Egorova, Dassia and Domcke, Wolfgang},
  title =        {{Efficient Calculation of Time- and Frequency-Resolved Four-Wave-Mixing Signals}},
  journal =      {Accounts of Chemical Research},
  volume =       42,
  number =       9,
  pages =        {1290--1298},
  year =         2009,
  doi =          {10.1021/ar900045d},
  isbn =         {0001-4842},
  issn =         {0001-4842},
  month =        {sep},
  pmid =         19449854,
}

@article{GesueleF2012a,
  author =       {Gesuele, F and Sfeir, M Y and Murray, C B and Heinz, T F and Wong, C W},
  title =        {{Biexcitonic Effects in Excited Ultrafast Supercontinuum S{\aa}ectroscopy of
                  Carrier Multiplication and Biexctionic Effects in Excited States of PbS Quantum
                  Dots}},
  journal =      {Nano letters},
  volume =       12,
  pages =        2658,
  year =         2012,
}

@misc{GitHub,
  note =         {Accessed: 2018-04-04},
  title =        {The world's leading software development platform · GitHub},
  url =          {https://github.com/},
}

@misc{GitLab,
  note =         {Accessed: 2018-04-07},
  title =        {The only single product for the complete DevOps lifecycle - GitLab},
  url =          {https://about.gitlab.com/},
}

@article{GreenDA2009a,
  author =       {D. A. Green},
  title =        {A colour scheme for the display of astronomical intensity images},
  journal =      {Bulletin of the Astronomical Society of India},
  volume =       39,
  pages =        {289--295},
  year =         2011,
  doi =          {10.1111/j.1365-2966.2004.08414.x},
  month =        {dec},
}

@article{GriffinGrahamB2013a,
  author =       {Graham B. Griffin and Sandrine Ithurria and Dmitriy S. Dolzhnikov and Alexander
                  Linkin and Dmitri V. Talapin and Gregory S. Engel},
  title =        {Two-dimensional electronic spectroscopy of {CdSe} nanoparticles at very low pulse
                  power},
  journal =      {The Journal of Chemical Physics},
  volume =       138,
  number =       1,
  pages =        014705,
  year =         2013,
  doi =          {10.1063/1.4772465},
  month =        {jan},
  publisher =    {{AIP} Publishing},
}

@article{Gubler2000,
  author =       {Gubler, Ulrich and Bosshard, Christian},
  title =        {{Optical third-harmonic generation of fused silica in gas atmosphere: Absolute
                  value of the third-order nonlinear optical susceptibility {\textless}math
                  display="inline"{\textgreater} {\textless}mrow{\textgreater}
                  {\textless}msup{\textgreater} {\textless}mrow{\textgreater}
                  {\textless}mi{\textgreater}$\chi${\textless}/mi{\textgreater}
                  {\textless}/mrow{\textgreater} {\textless}mrow{\textgreater}
                  {\textless}mn/{\textgreater}
                  {\textless}mo{\textgreater}({\textless}/mo{\textgreater}
                  {\textless}mn{\textgreater}3{\textless}/mn{\textgreater}
                  {\textless}mo{\textgreater}){\textless}/mo{\textgreater}
                  {\textless}mn/{\textgreater} {\textless}/m}},
  journal =      {Physical Review B},
  volume =       61,
  number =       16,
  pages =        {10702--10710},
  year =         2000,
  doi =          {10.1103/PhysRevB.61.10702},
  issn =         {0163-1829},
  month =        {apr},
}

@article{HammPeter1999a,
  author =       {Hamm, Peter and Lim, Manho and DeGrado, W. F. and Hochstrasser, Robin M},
  title =        {{The two-dimensional IR nonlinear spectroscopy of a cyclic penta-peptide in
                  relation to its three-dimensional structure}},
  journal =      {Proceedings of the National Academy of Sciences},
  volume =       96,
  number =       5,
  pages =        {2036--2041},
  year =         1999,
  doi =          {10.1073/pnas.96.5.2036},
  issn =         {0027-8424},
  month =        {mar},
}

@article{HammPeter2000a,
  author =       {Hamm, Peter and Lim, Manho and DeGrado, William F. and Hochstrasser, Robin M},
  title =        {{Pump/probe self heterodyned 2D spectroscopy of vibrational transitions of a
                  small globular peptide}},
  journal =      {The Journal of Chemical Physics},
  volume =       112,
  number =       4,
  pages =        {1907--1916},
  year =         2000,
  doi =          {10.1063/1.480772},
  issn =         {0021-9606},
  month =        {jan},
}

@inproceedings{HannayJoErskine2009a,
  author =       {Jo Erskine Hannay and Carolyn MacLeod and Janice Singer and Hans Petter
                  Langtangen and Dietmar Pfahl and Greg Wilson},
  title =        {How do scientists develop and use scientific software?},
  booktitle =    {2009 {ICSE} Workshop on Software Engineering for Computational Science and
                  Engineering},
  year =         2009,
  doi =          {10.1109/secse.2009.5069155},
  month =        {may},
  publisher =    {Institute of Electrical and Electronics Engineers ({IEEE})},
}

@article{HarelElad2010a,
  author =       {E. Harel and A. F. Fidler and G. S. Engel},
  title =        {Real-time mapping of electronic structure with single-shot two-dimensional
                  electronic spectroscopy},
  journal =      {Proceedings of the National Academy of Sciences},
  volume =       107,
  number =       38,
  pages =        {16444--16447},
  year =         2010,
  doi =          {10.1073/pnas.1007579107},
  month =        {sep},
  publisher =    {Proceedings of the National Academy of Sciences},
}

@article{HarelElad2012a,
  author =       {Elad Harel and Sara M. Rupich and Richard D. Schaller and Dmitri V. Talapin and
                  Gregory S. Engel},
  title =        {Measurement of electronic splitting in {PbS} quantum dots by two-dimensional
                  nonlinear spectroscopy},
  journal =      {Physical Review B},
  volume =       86,
  number =       7,
  year =         2012,
  doi =          {10.1103/physrevb.86.075412},
  month =        {aug},
  publisher =    {American Physical Society ({APS})},
}

@article{HeislerIsmael2014a,
  author =       {Heisler, Ismael A. and Moca, Roberta and Camargo, Franco V A and Meech, Stephen
                  R.},
  title =        {Two-dimensional electronic spectroscopy based on conventional optics and fast
                  dual chopper data acquisition},
  journal =      {Review of Scientific Instruments},
  volume =       85,
  number =       6,
  pages =        063103,
  year =         2014,
  doi =          {10.1063/1.4879822},
  month =        {jun},
}

@article{HeislerIsmaelA2014a,
  author =       {Ismael A. Heisler and Roberta Moca and Franco V. A. Camargo and Stephen R. Meech},
  title =        {Two-dimensional electronic spectroscopy based on conventional optics and fast
                  dual chopper data acquisition},
  journal =      {Review of Scientific Instruments},
  volume =       85,
  number =       6,
  pages =        063103,
  year =         2014,
  doi =          {10.1063/1.4879822},
  month =        {jun},
  publisher =    {{AIP} Publishing},
}

@article{HellwarthRW1971a,
  author =       {Hellwarth, R W and Owyoung, Adelbert and George, Nicholas},
  title =        {{Origin of the Nonlinear Refractive Index of Liquid CCl4}},
  journal =      {Physical Review A},
  volume =       4,
  number =       6,
  pages =        {2342--2347},
  year =         1971,
  doi =          {10.1103/PhysRevA.4.2342},
  issn =         {0556-2791},
  month =        {dec},
}

@article{HellwarthRW1977a,
  author =       {Hellwarth, R.W.},
  title =        {{Third-order optical susceptibilities of liquids and solids}},
  journal =      {Progress in Quantum Electronics},
  volume =       5,
  pages =        {1--68},
  year =         1977,
  doi =          {10.1016/0079-6727(79)90002-8},
  url =          {http://linkinghub.elsevier.com/retrieve/pii/0079672779900028},
  issn =         00796727,
}

@article{HendersonGiles1994a,
  author =       {Giles Henderson and Robert C. Rittenhouse and John C. Wright and Jon L. Holmes},
  title =        {How a Photon is Created or Absorbed},
  journal =      {Journal of Chemical Education},
  volume =       71,
  number =       4,
  pages =        300,
  year =         1994,
  doi =          {10.1021/ed071p300.2},
  month =        {apr},
  publisher =    {American Chemical Society ({ACS})},
}

@article{HoPP1979a,
  author =       {Ho, P P and Alfano, R R},
  title =        {{Optical Kerr effect in liquids}},
  journal =      {Physical Review A},
  volume =       20,
  number =       5,
  pages =        {2170--2187},
  year =         1979,
  doi =          {10.1103/PhysRevA.20.2170},
  issn =         {0556-2791},
  month =        {nov},
}

@article{HogemannClaudia1996a,
  author =       {H{\"{o}}gemann, Claudia and Pauchard, Marc and Vauthey, Eric},
  title =        {{Picosecond transient grating spectroscopy: The nature of the diffracted
                  spectrum}},
  journal =      {Review of Scientific Instruments},
  volume =       67,
  number =       10,
  pages =        {3449--3453},
  year =         1996,
  doi =          {10.1063/1.1147157},
  month =        {oct},
}

@article{HorakErikH2018a,
  author =       {Horak, Erik H. and Rea, Morgan T. and Heylman, Kevin D. and Gelbwaser-Klimovsky,
                  David and Saikin, Semion K. and Thompson, Blaise J. and Kohler, Daniel D. and
                  Knapper, Kassandra A. and Wei, Wei and Pan, Feng and Gopalan, Padma and Wright,
                  John C. and Aspuru-Guzik, Alán and Goldsmith, Randall H.},
  title =        {Exploring Electronic Structure and Order in Polymers via Single-Particle
                  Microresonator Spectroscopy},
  journal =      {Nano Letters},
  volume =       18,
  number =       3,
  pages =        {1600-1607},
  year =         2018,
  doi =          {10.1021/acs.nanolett.7b04211},
}

@article{HunterJohnD2007a,
  author =       {John D. Hunter},
  title =        {Matplotlib: A 2D Graphics Environment},
  journal =      {Computing in Science {\&} Engineering},
  volume =       9,
  number =       3,
  pages =        {90--95},
  year =         2007,
  doi =          {10.1109/mcse.2007.55},
  publisher =    {Institute of Electrical and Electronics Engineers ({IEEE})},
}

@article{HutchingsDC1992a,
  author =       {Hutchings, D C and Sheik-Bahae, M and Hagan, D J and {Van Stryland}, E W},
  title =        {{Kramers-Kronig relations in nonlinear optics}},
  journal =      {Optical and Quantum Electronics},
  volume =       24,
  number =       1,
  pages =        {1--30},
  year =         1992,
  doi =          {10.1007/BF01234275},
}

@article{HuygensChristiaan1913a,
  author =       {Huygens, Christiaan},
  title =        {Treatise on Light},
  journal =      {Science},
  volume =       37,
  number =       955,
  pages =        {610--611},
  year =         1913,
  doi =          {10.1126/science.37.955.610},
  month =        {apr},
}

@article{HyblJohnD2001a,
  author =       {Hybl, John D. and {Albrecht Ferro}, Allison and Jonas, David M.},
  title =        {{Two-dimensional Fourier transform electronic spectroscopy}},
  journal =      {The Journal of Chemical Physics},
  volume =       115,
  number =       14,
  pages =        6606,
  year =         2001,
  doi =          {10.1063/1.1398579},
  issn =         00219606,
}

@article{HyblJohnD2001b,
  author =       {Hybl, John D. and Christophe, Yannick and Jonas, David M.},
  title =        {{Peak shapes in femtosecond 2D correlation spectroscopy}},
  journal =      {Chemical Physics},
  volume =       266,
  number =       {2-3},
  pages =        {295--309},
  year =         2001,
  doi =          {10.1016/S0301-0104(01)00233-6},
  issn =         03010104,
  mendeley-tags ={inertial memory},
  month =        {may},
}

@article{Istrate2008,
  author =       {Istrate, Emanuel and Hoogland, Sjoerd and Sukhovatkin, Vlad and Levina, Larissa
                  and Myrskog, Stefan and Smith, Peter W E and Sargent, Edward H},
  title =        {{Carrier Relaxation Dynamics in Lead Sulfide Colloidal Quantum Dots}},
  journal =      {The Journal of Physical Chemistry B},
  volume =       112,
  number =       10,
  pages =        {2757--2760},
  year =         2008,
  doi =          {10.1021/jp076809g},
  isbn =         {1520-6106},
  issn =         {1520-6106},
  month =        {mar},
  pmid =         18275180,
}

@incollection{JanigW1989a,
  author =       {W. J\"{a}nig},
  booktitle =    {Human Physiology},
  doi =          {10.1007/978-3-642-73831-9_16},
  pages =        {333--370},
  publisher =    {Springer Berlin Heidelberg},
  title =        {Autonomic Nervous System},
  year =         1989,
}

@article{JoffreM1988a,
  author =       {Joffre, M and la Guillaume, C. Benoit {\`{a}} and Peyghambarian, N and Lindberg,
                  M and Hulin, D and Migus, A and Koch, S W and Antonetti, A},
  title =        {{Coherent effects in pump–probe spectroscopy of excitons}},
  journal =      {Optics Letters},
  volume =       13,
  number =       4,
  pages =        276,
  year =         1988,
  doi =          {10.1364/OL.13.000276},
  issn =         {0146-9592},
  month =        {apr},
  pmid =         19745871,
}

@article{JoppaLucasN2013a,
  author =       {L. N. Joppa and G. McInerny and R. Harper and L. Salido and K. Takeda and K.
                  O{\textquotesingle}Hara and D. Gavaghan and S. Emmott},
  title =        {Troubling Trends in Scientific Software Use},
  journal =      {Science},
  volume =       340,
  number =       6134,
  pages =        {814--815},
  year =         2013,
  doi =          {10.1126/science.1231535},
  month =        {may},
  publisher =    {American Association for the Advancement of Science ({AAAS})},
}

@article{JoppaLucasN2013a,
  author =       {Joppa, Lucas N. and McInerny, Greg and Harper, Richard and Salido, Lara and
                  Takeda, Kenji and O{\textquoteright}Hara, Kenton and Gavaghan, David and Emmott,
                  Stephen},
  title =        {Troubling Trends in Scientific Software Use},
  journal =      {Science},
  volume =       340,
  number =       6134,
  pages =        {814--815},
  year =         2013,
  doi =          {10.1126/science.1231535},
  issn =         {0036-8075},
  publisher =    {American Association for the Advancement of Science},
}

@book{KahnemanDaniel2013a,
  author =       {Kahneman, Daniel},
  title =        {Thinking, Fast and Slow},
  year =         2013,
  publisher =    {Farrar, Straus and Giroux},
  isbn =         9780374533557,
}

@phdthesis{KainSchuyler2017a,
  author =       {Schuyler Kain},
  school =       {University of Wisconsin-Madison},
  title =        {Transition of Frequency-Domain Coherent Multidimensional Spectroscopic Methods to
                  the Femtosecond Time Regime with Applications to Nanoscale Semiconductors},
  year =         2017,
}

@article{KambhampatiPatanjali2011a,
  author =       {Patanjali Kambhampati},
  title =        {Unraveling the Structure and Dynamics of Excitons in
                  Semiconductor Quantum Dots},
  journal =      {Accounts of Chemical Research},
  volume =       44,
  number =       1,
  pages =        {1--13},
  year =         2011,
  doi =          {10.1021/ar1000428},
  month =        {jan},
}

@article{KangInuk1997a,
  author =       {Kang, Inuk and Wise, Frank W.},
  title =        {{Electronic structure and optical properties of PbS and PbSe quantum dots}},
  journal =      {Journal of the Optical Society of America B},
  volume =       14,
  number =       7,
  pages =        1632,
  year =         1997,
  doi =          {10.1364/JOSAB.14.001632},
  month =        {jul},
}

@article{KarkiKhadgaJ2013a,
  author =       {Karki, Khadga J and Ma, Fei and Zheng, Kaibo and Zidek, Karel and Mousa,
                  Abdelrazek and Abdellah, Mohamed and Messing, Maria E and Wallenberg, L Reine and
                  Yartsev, Arkadi and Pullerits, T{\~{o}}nu},
  title =        {{Multiple exciton generation in nano-crystals revisited: consistent calculation
                  of the yield based on pump-probe spectroscopy.}},
  journal =      {Scientific reports},
  volume =       3,
  pages =        2287,
  year =         2013,
  doi =          {10.1038/srep02287},
  month =        {jan},
}

@article{KearnsNicholasM2017a,
  author =       {Nicholas M. Kearns and Randy D. Mehlenbacher and Andrew C. Jones and Martin T.
                  Zanni},
  title =        {Broadband 2D electronic spectrometer using white light and pulse shaping: noise
                  and signal evaluation at 1 and 100 {kHz}},
  journal =      {Optics Express},
  volume =       25,
  number =       7,
  pages =        7869,
  year =         2017,
  doi =          {10.1364/oe.25.007869},
  month =        {mar},
  publisher =    {The Optical Society},
}

@article{KeustersDorine1999a,
  author =       {Dorine Keusters and Howe-Siang Tan and Warren},
  title =        {Role of Pulse Phase and Direction in Two-Dimensional Optical Spectroscopy},
  journal =      {The Journal of Physical Chemistry A},
  volume =       103,
  number =       49,
  pages =        {10369--10380},
  year =         1999,
  doi =          {10.1021/jp992325b},
  month =        {dec},
  publisher =    {American Chemical Society ({ACS})},
}

@article{KeustersDorine2004a,
  author =       {Keusters, Dorine and Warren, Warren S.},
  title =        {{Propagation effects on the peak profile in two-dimensional optical photon echo
                  spectroscopy}},
  journal =      {Chemical Physics Letters},
  volume =       383,
  number =       {1-2},
  pages =        {21--24},
  year =         2004,
  doi =          {10.1016/j.cplett.2003.10.130},
  issn =         00092614,
  month =        {jan},
}

@article{KimNara2013a,
  author =       {Nara Kim and Seyoung Kee and Seoung Ho Lee and Byoung Hoon Lee and Yung Ho Kahng
                  and Yong-Ryun Jo and Bong-Joong Kim and Kwanghee Lee},
  title =        {Highly Conductive {PEDOT}:{PSS} Nanofibrils Induced by Solution-Processed
                  Crystallization},
  journal =      {Advanced Materials},
  volume =       26,
  number =       14,
  pages =        {2268--2272},
  year =         2013,
  doi =          {10.1002/adma.201304611},
  month =        {dec},
  publisher =    {Wiley-Blackwell},
}

@article{KirchmeyerStephan2005a,
  author =       {Stephan Kirchmeyer and Knud Reuter},
  title =        {Scientific importance, properties and growing applications of poly(3,
                  4-ethylenedioxythiophene)},
  journal =      {Journal of Materials Chemistry},
  volume =       15,
  number =       21,
  pages =        2077,
  year =         2005,
  doi =          {10.1039/b417803n},
  publisher =    {Royal Society of Chemistry ({RSC})},
}

@article{Klimov2000,
  author =       {Klimov, Victor I.},
  title =        {{Optical Nonlinearities and Ultrafast Carrier Dynamics in Semiconductor
                  Nanocrystals}},
  journal =      {The Journal of Physical Chemistry B},
  volume =       104,
  number =       26,
  pages =        {6112--6123},
  year =         2000,
  doi =          {10.1021/jp9944132},
  issn =         {1520-6106},
  month =        {jul},
}

@article{KohlerDanielDavid2014a,
  author =       {Daniel D. Kohler and Stephen B. Block and Schuyler Kain and
                  Andrei V. Pakoulev and John C. Wright},
  title =        {Ultrafast Dynamics within the 1S Exciton Band of Colloidal
                  {PbSe} Quantum Dots Using Multiresonant Coherent
                  Multidimensional Spectroscopy},
  journal =      {The Journal of Physical Chemistry C},
  volume =       118,
  number =       9,
  pages =        {5020--5031},
  year =         2014,
  doi =          {10.1021/jp412058u},
  month =        {mar},
  publisher =    {American Chemical Society ({ACS})},
}

@article{KohlerDanielDavid2017a,
  author =       {Daniel D. Kohler and Blaise J. Thompson and John C. Wright},
  title =        {Frequency-domain coherent multidimensional spectroscopy when dephasing rivals
                  pulsewidth: Disentangling material and instrument response},
  journal =      {The Journal of Chemical Physics},
  volume =       147,
  number =       8,
  pages =        084202,
  year =         2017,
  doi =          {10.1063/1.4986069},
  month =        {aug},
  publisher =    {{AIP} Publishing},
}

@article{KoivistoinenJuha2017a,
  author =       {Juha Koivistoinen and Pasi Myllyperki\"{o} and Mika Pettersson},
  title =        {Time-Resolved Coherent Anti-Stokes Raman Scattering of Graphene: Dephasing
                  Dynamics of Optical Phonon},
  journal =      {The Journal of Physical Chemistry Letters},
  volume =       8,
  number =       17,
  pages =        {4108--4112},
  year =         2017,
  doi =          {10.1021/acs.jpclett.7b01711},
  month =        {aug},
  publisher =    {American Chemical Society ({ACS})},
}

@article{KraatzIngvarT2014a,
  author =       {Kraatz, Ingvar T and Booth, Matthew and Whitaker, Benjamin J and Nix, Michael G D
                  and Critchley, Kevin},
  title =        {{Sub-Bandgap Emission and Intraband Defect-Related Excited-State Dynamics in
                  Colloidal CuInS 2 /ZnS Quantum Dots Revealed by Femtosecond Pump - Dump - Probe
                  Spectroscopy}},
  year =         {2014},
}

@article{KumarNardeep2013a,
  author =       {Kumar, Nardeep and He, Jiaqi and He, Dawei and Wang, Yongsheng
                  and Zhao, Hui},
  title =        {Charge carrier dynamics in bulk MoS2 crystal studied by
                  transient absorption microscopy},
  journal =      {Journal of Applied Physics},
  volume =       113,
  number =       13,
  pages =        133702,
  year =         2013,
  doi =          {10.1063/1.4799110},
}

@article{Kuzyk1989,
  author =       {Kuzyk, M G and Norwood, R A and Wu, J W and Garito, A F},
  title =        {{Frequency dependence of the optical Kerr effect and third-order electronic
                  nonlinear-optical processes of organic liquids}},
  journal =      {Journal of the Optical Society of America B},
  volume =       6,
  number =       2,
  pages =        154,
  year =         1989,
  doi =          {10.1364/JOSAB.6.000154},
  issn =         {0740-3224},
  month =        {feb},
}

@article{KwacKijeong2003a,
  author =       {Kwac, Kijeong and Cho, Minhaeng},
  title =        {{Two-Color Pump-Probe Spectroscopies of Two- and Three-Level Systems:
                  2-Dimensional Line Shapes and Solvation Dynamics}},
  journal =      {The Journal of Physical Chemistry A},
  volume =       107,
  number =       31,
  pages =        {5903--5912},
  year =         2003,
  doi =          {10.1021/jp034727w},
  isbn =         {1089-5639},
  issn =         {1089-5639},
  month =        {aug},
}

@article{LagutchevAlexi2007a,
  author =       {Lagutchev, Alexei and Hambir, Selezion A. and Dlott, Dana D.},
  title =        {{Nonresonant Background Suppression in Broadband Vibrational Sum-Frequency
                  Generation Spectroscopy}},
  journal =      {The Journal of Physical Chemistry C},
  volume =       111,
  number =       37,
  pages =        {13645--13647},
  year =         2007,
  doi =          {10.1021/jp075391j},
  issn =         {1932-7447},
  month =        {sep},
}

@article{LagutchevAlexi2010a,
  author =       {Lagutchev, Alexei and Lozano, Aaron and Mukherjee, Prabuddha and Hambir, Selezion
                  a and Dlott, Dana D},
  title =        {{Compact broadband vibrational sum-frequency generation spectrometer with
                  nonresonant suppression}},
  journal =      {Spectrochimica Acta Part A: Molecular and Biomolecular Spectroscopy},
  volume =       75,
  number =       4,
  pages =        {1289--1296},
  year =         2010,
  doi =          {10.1016/j.saa.2009.12.066},
  issn =         13861425,
  month =        {apr},
  pmid =         20129816,
  publisher =    {Elsevier B.V.},
}

@article{LaskarMasihhurR2013a,
  author =       {Masihhur R. Laskar and Lu Ma and Santhakumar Kannappan and Pil Sung Park and
                  Sriram Krishnamoorthy and Digbijoy N. Nath and Wu Lu and Yiying Wu and Siddharth
                  Rajan},
  title =        {Large area single crystal (0001) oriented {MoS}2},
  journal =      {Applied Physics Letters},
  volume =       102,
  number =       25,
  pages =        252108,
  year =         2013,
  doi =          {10.1063/1.4811410},
  month =        {jun},
  publisher =    {{AIP} Publishing},
}

@article{LebedevMV2007a,
  author =       {Lebedev, M V and Misochko, O V and Dekorsy, T and Georgiev, N},
  title =        {{On the nature of “coherent artifact”}},
  journal =      {Journal of Experimental and Theoretical Physics},
  volume =       100,
  number =       2,
  pages =        {272--282},
  year =         2005,
  doi =          {10.1134/1.1884668},
  issn =         {1063-7761},
  month =        {feb},
}

@incollection{LeeDuckhwan1985a,
  address =      {London; New York},
  author =       {Lee, Duckhwan and Albrecht, Andreas C.},
  booktitle =    {Advances in infrared and Raman Spectroscopy},
  chapter =      {4},
  edition =      {1},
  editor =       {Clark, R. J. H. and Hester, R. E.},
  isbn =         {9780471906742},
  pages =        {179--213},
  title =        {A Unified View of Raman, Resonance Raman, and Fluorescence Spectroscopy (and
                  their Analogues in Two-Photon Absorption},
  year =         {1985},
}

@article{LevensonMD1974a,
  author =       {Levenson, M. D. and Bloembergen, N.},
  title =        {{Dispersion of the nonlinear optical susceptibilities of organic liquids and
                  solutions}},
  journal =      {The Journal of Chemical Physics},
  volume =       60,
  number =       4,
  pages =        {1323--1327},
  year =         1974,
  doi =          {10.1063/1.1681198},
  issn =         {0021-9606},
  month =        {feb},
}

@article{LevensonMD1974b,
  author =       {Levenson, M. D. and Bloembergen, N.},
  title =        {{Dispersion of the nonlinear optical susceptibility tensor in centrosymmetric
                  media}},
  journal =      {Physical Review B},
  volume =       10,
  number =       10,
  pages =        {4447--4463},
  year =         1974,
  doi =          {10.1103/PhysRevB.10.4447},
  isbn =         {0163-1829},
  issn =         {0556-2805},
  month =        {nov},
}

@article{Levine1975,
  author =       {Levine, B. F. and Bethea, C. G.},
  title =        {{Second and third order hyperpolarizabilities of organic molecules}},
  journal =      {The Journal of Chemical Physics},
  volume =       63,
  number =       6,
  pages =        {2666--2682},
  year =         1975,
  doi =          {10.1063/1.431660},
  issn =         {0021-9606},
  month =        {sep},
}

@article{LiSongLin2012a,
  author =       {Song-Lin Li and Hisao Miyazaki and Haisheng Song and Hiromi Kuramochi and Shu
                  Nakaharai and Kazuhito Tsukagoshi},
  title =        {Quantitative Raman Spectrum and Reliable Thickness Identification for Atomic
                  Layers on Insulating Substrates},
  journal =      {{ACS} Nano},
  volume =       6,
  number =       8,
  pages =        {7381--7388},
  year =         2012,
  doi =          {10.1021/nn3025173},
  month =        {aug},
  publisher =    {American Chemical Society ({ACS})},
}

@inproceedings{LiuYang2018a,
  author =       {Yang Liu and Jeffrey Heer},
  title =        {Somewhere Over the Rainbow},
  booktitle =    {Proceedings of the 2018 {CHI} Conference on Human Factors in Computing Systems -
                  {CHI} {\textquotesingle}18},
  year =         2018,
  doi =          {10.1145/3173574.3174172},
  publisher =    {{ACM} Press},
}

@article{LukowskiMarkA2013a,
  author =       {Mark A. Lukowski and Andrew S. Daniel and Fei Meng and Audrey Forticaux and
                  Linsen Li and Song Jin},
  title =        {Enhanced Hydrogen Evolution Catalysis from Chemically Exfoliated Metallic {MoS}2
                  Nanosheets},
  journal =      {Journal of the American Chemical Society},
  volume =       135,
  number =       28,
  pages =        {10274--10277},
  year =         2013,
  doi =          {10.1021/ja404523s},
  month =        {jul},
  publisher =    {American Chemical Society ({ACS})},
}

@misc{MFA,
  note =         {Accessed: 2018-04-15},
  title =        {Miniature Steel Linear Stages},
  url =          {https://www.newport.com/f/miniature-mfa-motorized-linear-stages},
}

@article{MaiCong2013a,
  author =       {Cong Mai and Andrew Barrette and Yifei Yu and Yuriy G. Semenov and Ki Wook Kim
                  and Linyou Cao and Kenan Gundogdu},
  title =        {Many-Body Effects in Valleytronics: Direct Measurement of Valley Lifetimes in
                  Single-Layer {MoS}2},
  journal =      {Nano Letters},
  volume =       14,
  number =       1,
  pages =        {202--206},
  year =         2013,
  doi =          {10.1021/nl403742j},
  month =        {dec},
  publisher =    {American Chemical Society ({ACS})},
}

@article{MaimanTheodore1960a,
	author = {Maiman, Theodore},
	title = {Stimulated Optical Radiation in Ruby},
	year = {1960},
	month = {aug},
	volume = {187},
	number = {4736},
	pages = {493--494},
	journal = {Nature},
	doi = {10.1038/187493a0},
}

@article{MakKinFai2010a,
  author =       {Kin Fai Mak and Changgu Lee and James Hone and Jie Shan and
                  Tony F. Heinz},
  title =        {Atomically {ThinMoS}2: A New Direct-Gap Semiconductor},
  journal =      {Physical Review Letters},
  volume =       105,
  number =       13,
  year =         2010,
  doi =          {10.1103/physrevlett.105.136805},
  month =        {sep},
}

@article{MakKinFai2012a,
  author =       {Kin Fai Mak and Keliang He and Jie Shan and Tony F. Heinz},
  title =        {Control of valley polarization in monolayer {MoS}2 by optical
                  helicity},
  journal =      {Nature Nanotechnology},
  volume =       7,
  number =       8,
  pages =        {494--498},
  year =         2012,
  doi =          {10.1038/nnano.2012.96},
  month =        {jun},
}

@article{MakerPD1965a,
  author =       {Maker, P D and Terhune, R. W.},
  title =        {{Study of Optical Effects Due to an Induced Polarization Third Order in the
                  Electric Field Strength}},
  journal =      {Physical Review},
  volume =       137,
  number =       {3A},
  pages =        {A801--A818},
  year =         1965,
  doi =          {10.1103/PhysRev.137.A801},
  issn =         {0031-899X},
  month =        {feb},
}

@article{MarxChristophA2008a,
  author =       {Christoph A. Marx and Upendra Harbola and Shaul Mukamel},
  title =        {Nonlinear optical spectroscopy of single, few, and many molecules: Nonequilibrium
                  Green's function {QED} approach},
  journal =      {Physical Review A},
  volume =       77,
  number =       2,
  year =         2008,
  doi =          {10.1103/physreva.77.022110},
  month =        {feb},
  publisher =    {American Physical Society ({APS})},
}

@article{MatsuoShigeki1997a,
  author =       {Matsuo, Shigeki and Tahara, Tahei},
  title =        {{Phase-stabilized optical heterodyne detection of impulsive stimulated Raman
                  scattering}},
  journal =      {Chemical Physics Letters},
  volume =       264,
  number =       6,
  pages =        {636--642},
  year =         1997,
  doi =          {10.1016/S0009-2614(96)01399-1},
  issn =         00092614,
  month =        {jan},
}

@misc{Mayavi,
  note =         {Accessed: 2018-03-25},
  title =        {Mayavi: 3D scientific data visualization and plotting in Python},
  url =          {http://docs.enthought.com/mayavi/mayavi/},
}

@article{McCamantDavidW2005a,
  author =       {McCamant, David W. and Kukura, Philipp and Mathies, Richard A},
  title =        {{Femtosecond Stimulated Raman Study of Excited-State Evolution in
                  Bacteriorhodopsin}},
  journal =      {The Journal of Physical Chemistry B},
  volume =       109,
  number =       20,
  pages =        {10449--10457},
  year =         2005,
  doi =          {10.1021/jp050095x},
  issn =         {1520-6106},
  month =        {may},
}

@article{McClainBrianL2004a,
  author =       {McClain, Brian L. and Finkelstein, Ilya J. and Fayer, M. D.},
  title =        {Vibrational echo experiments on red blood cells: Comparison of the dynamics of
                  cytoplasmic and aqueous hemoglobin},
  journal =      {Chemical Physics Letters},
  volume =       392,
  number =       {4-6},
  pages =        {324--329},
  year =         2004,
  doi =          {10.1016/j.cplett.2004.05.080},
  month =        {jul},
}

@article{MeskersStefanCJ2003a,
  author =       {S.C.J. Meskers and J.K.J. van Duren and R.A.J. Janssen},
  title =        {Thermally Induced Transient Absorption of Light by Poly(3,
                  4-ethylenedioxythiophene):Poly(styrene sulfonic acid) ({PEDOT}:{PSS}) Films: A
                  Way to Probe Charge-Carrier Thermalization Processes},
  journal =      {Advanced Functional Materials},
  volume =       13,
  number =       10,
  pages =        {805--810},
  year =         2003,
  doi =          {10.1002/adfm.200304398},
  month =        {oct},
  publisher =    {Wiley-Blackwell},
}

@article{MeyerKentA2003a,
  author =       {Meyer, Kent A and Wright, John C},
  title =        {{Interference, Dephasing, and Coherent Control in Time-Resolved Frequency Domain
                  Two-Dimensional Vibrational Spectra}},
  journal =      {The Journal of Physical Chemistry A},
  volume =       107,
  number =       41,
  pages =        {8388--8395},
  year =         2003,
  doi =          {10.1021/jp035146+},
  issn =         {1089-5639},
  month =        {oct},
}

@article{MeyerKentA2004a,
  author =       {Meyer, Kent A and Wright, John C. and Thompson, David E},
  title =        {Frequency and Time-Resolved Triply Vibrationally Enhanced Four-Wave Mixing
                  Spectroscopy Frequency and Time-Resolved Triply Vibrationally Enhanced Four-Wave
                  Mixing Spectroscopy},
  journal =      {The Journal of Physical Chemistry A},
  volume =       108,
  number =       52,
  pages =        {11485--11493},
  year =         2004,
  doi =          {10.1021/jp046137j},
  month =        {dec},
}

@phdthesis{MeyerKentA2004b,
  author =       {Kent A Meyer},
  school =       {University of Wisconsin-Madison},
  title =        {Frequency-Scanned Ultrafast Spectroscopic Techniques Applied to Infrared
                  Four-Wave Mixing Spectroscopy},
  year =         2004,
}

@article{MillmanJarrodK2011a,
  author =       {K. Jarrod Millman and Michael Aivazis},
  title =        {Python for Scientists and Engineers},
  journal =      {Computing in Science {\&} Engineering},
  volume =       13,
  number =       2,
  pages =        {9--12},
  year =         2011,
  doi =          {10.1109/mcse.2011.36},
  month =        {mar},
  publisher =    {Institute of Electrical and Electronics Engineers ({IEEE})},
}

@article{MolinaSanchezAlejandro2013a,
  author =       {Alejandro Molina-S{\'{a}}nchez and Davide Sangalli and Kerstin
                  Hummer and Andrea Marini and Ludger Wirtz},
  title =        {Effect of spin-orbit interaction on the optical spectra of
                  single-layer, double-layer, and bulk {MoS}2},
  journal =      {Physical Review B},
  volume =       88,
  number =       4,
  year =         2013,
  doi =          {10.1103/physrevb.88.045412},
  month =        {jul},
}

@article{Moreels2006,
  author =       {Moreels, I. and Hens, Z. and Kockaert, P. and Loicq, J. and {Van Thourhout}, D.},
  title =        {{Spectroscopy of the nonlinear refractive index of colloidal PbSe nanocrystals}},
  journal =      {Applied Physics Letters},
  volume =       89,
  number =       19,
  pages =        193106,
  year =         2006,
  doi =          {10.1063/1.2385658},
  isbn =         {0003-6951},
  issn =         {0003-6951},
  month =        {nov},
}

@article{Moreels2007,
  author =       {Moreels, Iwan and Lambert, Karel and {De Muynck}, David and Vanhaecke, Frank and
                  Poelman, Dirk and Martins, Jos{\'{e}} C. and Allan, Guy and Hens, Zeger},
  title =        {{Composition and Size-Dependent Extinction Coefficient of Colloidal PbSe Quantum
                  Dots}},
  journal =      {Chemistry of Materials},
  volume =       19,
  number =       25,
  pages =        {6101--6106},
  year =         2007,
  doi =          {10.1021/cm071410q},
  issn =         {0897-4756},
  mendeley-tags ={reference},
  month =        {dec},
}

@article{Moreels2009,
  author =       {Moreels, Iwan and Lambert, Karel and Muynck, David De and Vanhaecke, Frank and
                  Poelman, Dirk and Martins, Jos{\'{e}} C and Allan, Guy and Hens, Zeger},
  title =        {{Size-Dependent Optical Properties of Colloidal {\{}PbS{\}} Quantum Dots}},
  journal =      {ACS Nano},
  volume =       3,
  number =       10,
  pages =        {3023--3030},
  year =         2009,
  doi =          {10.1021/nn900863a},
  issn =         {1936-0851},
}

@book{MukamelShaul1995a,
  author =       {Mukamel, Shaul},
  title =        {{Principles of nonlinear optical spectroscopy}},
  year =         1995,
  publisher =    {Oxford University Press},
  isbn =         9780195092783,
  series =       {Oxford series in optical and imaging sciences},
}

@article{MukamelShaul2000a,
  author =       {Mukamel, Shaul},
  title =        {Multidimensional Femtosecond Correlation Spectroscopies of Electronic and
                  Vibrational Excitations},
  journal =      {Annual Review of Physical Chemistry},
  volume =       51,
  number =       1,
  pages =        {691--729},
  year =         2000,
  doi =          {10.1146/annurev.physchem.51.1.691},
  issn =         {0066-426X},
  month =        {oct},
}

@article{MukamelShaul2009a,
  author =       {Shaul Mukamel and Yoshitaka Tanimura and Peter Hamm},
  title =        {Coherent Multidimensional Optical Spectroscopy},
  journal =      {Accounts of Chemical Research},
  volume =       42,
  number =       9,
  pages =        {1207--1209},
  year =         2009,
  doi =          {10.1021/ar900227m},
  month =        {sep},
  publisher =    {American Chemical Society ({ACS})},
}


@inproceedings{MullerMatthiasM2001a,
  author =       {M.M. Muller and W.F. Tichy},
  title =        {Case study: extreme programming in a university environment},
  booktitle =    {Proceedings of the 23rd International Conference on Software Engineering. {ICSE}
                  2001},
  doi =          {10.1109/icse.2001.919128},
  publisher =    {{IEEE} Comput. Soc},
}

@article{MurdochKiethM2000a,
  author =       {Keith M. Murdoch and David E. Thompson and Kent A. Meyer and John C. Wright},
  title =        {Modeling Window Contributions to Four-Wave Mixing Spectra and Measurements of
                  Third-Order Optical Susceptibilities},
  journal =      {Appl. Spectrosc.},
  volume =       54,
  number =       10,
  pages =        {1495--1505},
  year =         2000,
  month =        {Oct},
  publisher =    {OSA},
}

@article{NardesAlexandreMantovani2007a,
  author =       {A. M. Nardes and M. Kemerink and R. A. J. Janssen and J. A. M. Bastiaansen and N.
                  M. M. Kiggen and B. M. W. Langeveld and A. J. J. M. van Breemen and M. M. de Kok},
  title =        {Microscopic Understanding of the Anisotropic Conductivity of {PEDOT}:{PSS} Thin
                  Films},
  journal =      {Advanced Materials},
  volume =       19,
  number =       9,
  pages =        {1196--1200},
  year =         2007,
  doi =          {10.1002/adma.200602575},
  month =        {may},
  publisher =    {Wiley-Blackwell},
}

@article{NardesAlexandreMantovani2008a,
  author =       {Alexandre Mantovani Nardes and Ren{\'{e}} A. J. Janssen and Martijn Kemerink},
  title =        {A Morphological Model for the Solvent-Enhanced Conductivity of {PEDOT}:{PSS} Thin
                  Films},
  journal =      {Advanced Functional Materials},
  volume =       18,
  number =       6,
  pages =        {865--871},
  year =         2008,
  doi =          {10.1002/adfm.200700796},
  url =          {https://doi.org/10.1002/adfm.200700796},
  month =        {mar},
  publisher =    {Wiley-Blackwell},
}

@article{NeffMallonNathanA2017a,
  author =       {Nathan A. Neff-Mallon and John C. Wright},
  title =        {Multidimensional Spectral Fingerprints of a New Family of Coherent Analytical
                  Spectroscopies},
  journal =      {Analytical Chemistry},
  volume =       89,
  number =       24,
  pages =        {13182--13189},
  year =         2017,
  doi =          {10.1021/acs.analchem.7b02917},
  month =        {nov},
  publisher =    {American Chemical Society ({ACS})},
}

@article{Nibbering1995,
  author =       {Nibbering, Etj and Franco, M.A. and Prade, BS and Grillon, G. and {Le Blanc}, C
                  and Mysyrowicz, A},
  title =        {{Measurement of the nonlinear refractive index of transparent materials by
                  spectral analysis after nonlinear propagation}},
  journal =      {Optics Communications},
  volume =       119,
  number =       {5-6},
  pages =        {479--484},
  year =         1995,
  doi =          {10.1016/0030-4018(95)00394-N},
  issn =         00304018,
  month =        {sep},
}

@article{NieZhaogang2014a,
  author =       {Zhaogang Nie and Run Long and Linfeng Sun and Chung-Che Huang
                  and Jun Zhang and Qihua Xiong and Daniel W. Hewak and Zexiang
                  Shen and Oleg V. Prezhdo and Zhi-Heng Loh},
  title =        {Ultrafast Carrier Thermalization and Cooling Dynamics in
                  Few-Layer {MoS}2},
  journal =      {{ACS} Nano},
  volume =       8,
  number =       10,
  pages =        {10931--10940},
  year =         2014,
  doi =          {10.1021/nn504760x},
  month =        {oct},
}

@article{NootzGero2011a,
  author =       {Nootz, Gero and Padilha, Lazaro A. and Levina, Larissa and Sukhovatkin, Vlad and
                  Webster, Scott and Brzozowski, Lukasz and Sargent, Edward H. and Hagan, David J.
                  and {Van Stryland}, Eric W.},
  title =        {{Size dependence of carrier dynamics and carrier multiplication in PbS quantum
                  dots}},
  journal =      {Physical Review B},
  volume =       83,
  number =       15,
  pages =        155302,
  year =         2011,
  doi =          {10.1103/PhysRevB.83.155302},
  isbn =         {1098-0121},
  issn =         {1098-0121},
  month =        {apr},
}

@article{OkumuraKo1999a,
  author =       {Okumura, Ko and Tokmakoff, Andrei and Tanimura, Yoshitaka},
  title =        {{Two-dimensional line-shape analysis of photon-echo signal}},
  journal =      {Chemical Physics Letters},
  volume =       314,
  number =       {5-6},
  pages =        {488--495},
  year =         1999,
  doi =          {10.1016/S0009-2614(99)01173-2},
  isbn =         {0009-2614},
  issn =         00092614,
  month =        {dec},
}

@book{OliphantTravisE2006a,
  author =       {Travis E Oliphant},
  title =        {A guide to NumPy},
  year =         2006,
  publisher =    {Trelgol Publishing},
}

@article{OliphantTravisE2007a,
  author =       {Oliphant, Travis E.},
  title =        {{Python for Scientific Computing}},
  journal =      {Computing in Science {\&} Engineering},
  volume =       9,
  number =       3,
  pages =        {10--20},
  year =         2007,
  doi =          {10.1109/MCSE.2007.58},
  isbn =         9781584889298,
  issn =         {1521-9615},
}

@article{OliveroJJ1977a,
  author =       {Olivero, J.J. and Longbothum, R.L.},
  title =        {{Empirical fits to the voigt line width: A brief review}},
  journal =      {J. Quant. Spectrosc. Radiat. Transfer},
  volume =       17,
  pages =        {233--236},
  year =         1977,
}

@article{OmariAbdoulghafar2012a,
  author =       {Abdoulghafar Omari and Iwan Moreels and Francesco Masia and Wolfgang Langbein and
                  Paola Borri and Dries Van Thourhout and Pascal Kockaert and Zeger Hens},
  title =        {Role of interband and photoinduced absorption in the nonlinear refraction and
                  absorption of resonantly excited {PbS} quantum dots around 1550 nm},
  journal =      {Physical Review B},
  volume =       85,
  number =       11,
  year =         2012,
  doi =          {10.1103/physrevb.85.115318},
  month =        {mar},
  publisher =    {American Physical Society ({APS})},
}

@article{OudarJL1980a,
  author =       {Oudar, J-L. and Shen, Y. R.},
  title =        {{Nonlinear spectroscopy by multiresonant four-wave mixing}},
  journal =      {Physical Review A},
  volume =       22,
  number =       3,
  pages =        {1141--1158},
  year =         1980,
  doi =          {10.1103/PhysRevA.22.1141},
  issn =         {0556-2791},
  month =        {sep},
}

@article{Oughstun1996,
  author =       {Oughstun, Kurt E. and Balictsis, Constantinos M.},
  title =        {{Gaussian Pulse Propagation in a Dispersive, Absorbing Dielectric}},
  journal =      {Physical Review Letters},
  volume =       77,
  number =       11,
  pages =        {2210--2213},
  year =         1996,
  doi =          {10.1103/PhysRevLett.77.2210},
  issn =         {0031-9007},
  month =        {sep},
}

@misc{PCI6251,
  note =         {Accessed: 2018-04-15},
  title =        {NI PCI-6251},
  url =          {http://sine.ni.com/nips/cds/view/p/lang/en/nid/14124},
}

@article{PakoulevAndreiV2006a,
  author =       {Pakoulev, Andrei V. and Rickard, Mark a and Meyer, Kent a. and Kornau, Kathryn
                  and Mathew, Nathan a. and Thompson, David E. and Wright, John C.},
  title =        {{Mixed Frequency/Time Domain Optical Analogues of Heteronuclear Multidimensional
                  NMR}},
  journal =      {The Journal of Physical Chemistry A},
  volume =       110,
  number =       10,
  pages =        {3352--3355},
  year =         2006,
  doi =          {10.1021/jp057339y},
  issn =         {1089-5639},
  month =        {mar},
  pmid =         16526612,
}
@article{PakoulevAndreiV2007a,
  author =       {Pakoulev, Andrei V. and Rickard, Mark A and Mathew, Nathan A and Kornau, Kathryn
                  M. and Wright, John C.},
  title =        {{Spectral Quantum Beating in Mixed Frequency/Time-Domain Coherent
                  Multidimensional Spectroscopy}},
  journal =      {The Journal of Physical Chemistry A},
  volume =       111,
  number =       30,
  pages =        {6999--7005},
  year =         2007,
  doi =          {10.1021/jp071929+},
  issn =         {1089-5639},
  month =        {aug},
}

@article{PakoulevAndreiV2009a,
  author =       {Andrei V. Pakoulev and Mark A. Rickard and Kathryn M. Kornau and Nathan A. Mathew
                  and Lena A. Yurs and Stephen B. Block and John C. Wright},
  title =        {Mixed Frequency-/Time-Domain Coherent Multidimensional Spectroscopy: Research
                  Tool or Potential Analytical Method?},
  journal =      {Accounts of Chemical Research},
  volume =       42,
  number =       9,
  pages =        {1310--1321},
  year =         2009,
  doi =          {10.1021/ar900032g},
  month =        {sep},
  publisher =    {American Chemical Society ({ACS})},
}

@article{PakoulevAndreiV2010a,
  author =       {Andrei V. Pakoulev and Stephen B. Block and Lena A. Yurs and Nathan A. Mathew and
                  Kathryn M. Kornau and John C. Wright},
  title =        {Multiply Resonant Coherent Multidimensional Spectroscopy: Implications for
                  Materials Science},
  journal =      {The Journal of Physical Chemistry Letters},
  volume =       1,
  number =       5,
  pages =        {822--828},
  year =         2010,
  doi =          {10.1021/jz9003476},
  month =        {mar},
  publisher =    {American Chemical Society ({ACS})},
}

@article{PalfreySL1985a,
  author =       {Palfrey, S L and Heinz, T F},
  title =        {{Coherent interactions in pump–probe absorption measurements: the effect of phase
                  gratings}},
  journal =      {Journal of the Optical Society of America B},
  volume =       2,
  number =       4,
  pages =        674,
  year =         1985,
  doi =          {10.1364/JOSAB.2.000674},
  issn =         {0740-3224},
  month =        {apr},
}

@book{PankoveJacques1975a,
	author = {Pankove, Jacques},
	title = {Optical Processes in Semiconductors},
	year = {1975},
	publisher = {Dover Publications},
	isbn = {9780486602752},
}

@article{ParkJuneSik2004a,
  author =       {Park, June-Sik and Joo, Taiha},
  title =        {{Coherent interactions in femtosecond transient grating}},
  journal =      {The Journal of Chemical Physics},
  volume =       120,
  number =       11,
  pages =        {5269--5274},
  year =         2004,
  doi =          {10.1063/1.1647534},
  issn =         {0021-9606},
  month =        {mar},
}

@article{ParkKisam1998a,
  author =       {Park, Kisam and Cho, Minhaeng},
  title =        {{Time- and frequency-resolved coherent two-dimensional IR spectroscopy: Its
                  complementary relationship with the coherent two-dimensional Raman scattering
                  spectroscopy}},
  journal =      {The Journal of Chemical Physics},
  volume =       109,
  number =       24,
  pages =        {10559--10569},
  year =         1998,
  doi =          {10.1063/1.477756},
  issn =         {0021-9606},
  month =        {dec},
}

@article{PassinoSeanA1997a,
  author =       {Passino, Sean A. and Nagasawa, Yutaka and Joo, Taiha and Fleming, Graham R.},
  title =        {{Three-Pulse Echo Peak Shift Studies of Polar Solvation Dynamics}},
  journal =      {The Journal of Physical Chemistry A},
  volume =       101,
  number =       4,
  pages =        {725--731},
  year =         1997,
  doi =          {10.1021/jp9621383},
  isbn =         {1089-5639},
  issn =         {1089-5639},
  month =        {jan},
}

@article{PattersonFG1984a,
  author =       {Patterson, F.G. and Lee, H.W.H. and Wilson, William L. and Fayer, M.D.},
  title =        {{Intersystem crossing from singlet states of molecular dimers and monomers in
                  mixed molecular crystals: picosecond stimulated photon echo experiments}},
  journal =      {Chemical Physics},
  volume =       84,
  number =       1,
  pages =        {51--60},
  year =         1984,
  doi =          {10.1016/0301-0104(84)80005-1},
  issn =         03010104,
  month =        {feb},
}

@article{PerezFernando2007a,
  author =       {Fernando Perez and Brian E. Granger},
  title =        {{IPython}: A System for Interactive Scientific Computing},
  journal =      {Computing in Science {\&} Engineering},
  volume =       9,
  number =       3,
  pages =        {21--29},
  year =         2007,
  doi =          {10.1109/mcse.2007.53},
  publisher =    {Institute of Electrical and Electronics Engineers ({IEEE})},
}

@article{PerlikVaclav2017a,
  author =       {Perl{\'{i}}k, V{\'{a}}clav and Hauer, J{\"{u}}rgen and {\v{S}}anda,
                  Franti{\v{s}}ek},
  title =        {{Finite pulse effects in single and double quantum spectroscopies}},
  journal =      {Journal of the Optical Society of America B},
  volume =       34,
  number =       2,
  pages =        430,
  year =         2017,
  doi =          {10.1364/JOSAB.34.000430},
  issn =         {0740-3224},
  month =        {feb},
}

@article{PetersonJJ2007a,
  author =       {Peterson, JJ and Huang, Libai and Delerue, C. and Allan, Guy},
  title =        {{Uncovering forbidden optical transitions in PbSe nanocrystals}},
  journal =      {nano Letters},
  year =         2007,
}

@article{PollardW1992a,
  author =       {Pollard, W.},
  title =        {{Analysis of Femtosecond Dynamic Absorption Spectra of Nonstationary States}},
  journal =      {Annual Review of Physical Chemistry},
  volume =       43,
  number =       1,
  pages =        {497--523},
  year =         1992,
  doi =          {10.1146/annurev.physchem.43.1.497},
  issn =         {0066426X},
  month =        {jan},
  pmid =         1463575,
}

@inproceedings{PrabhuPrakash2011a,
  author =       {Prakash Prabhu and Yun Zhang and Soumyadeep Ghosh and David I. August and Jialu
                  Huang and Stephen Beard and Hanjun Kim and Taewook Oh and Thomas B. Jablin and
                  Nick P. Johnson and Matthew Zoufaly and Arun Raman and Feng Liu and David Walker},
  title =        {A survey of the practice of computational science},
  booktitle =    {State of the Practice Reports on - {SC} {\textquotesingle}11},
  year =         2011,
  doi =          {10.1145/2063348.2063374},
  publisher =    {{ACM} Press},
}

@inproceedings{PrabuPrakash2011a,
  author =       {Prakash Prabhu and Yun Zhang and Soumyadeep Ghosh and David I. August and Jialu
                  Huang and Stephen Beard and Hanjun Kim and Taewook Oh and Thomas B. Jablin and
                  Nick P. Johnson and Matthew Zoufaly and Arun Raman and Feng Liu and David Walker},
  title =        {A survey of the practice of computational science},
  booktitle =    {State of the Practice Reports on - {SC} {\textquotesingle}11},
  year =         2011,
  doi =          {10.1145/2063348.2063374},
  publisher =    {{ACM} Press},
}

@article{PriceMichaelB2015a,
  author =       {Price, Michael B. and Butkus, Justinas and Jellicoe, Tom C. and Sadhanala, Aditya
                  and Briane, Anouk and Halpert, Jonathan E. and Broch, Katharina and Hodgkiss,
                  Justin M. and Friend, Richard H. and Deschler, Felix},
  title =        {{Hot-carrier cooling and photoinduced refractive index changes in
                  organic–inorganic lead halide perovskites}},
  journal =      {Nature Communications},
  volume =       6,
  number =       {May},
  pages =        8420,
  year =         2015,
  doi =          {10.1038/ncomms9420},
  publisher =    {Nature Publishing Group},
}

@inproceedings{PrinceLuke2017a,
  author =       {Luke Prince and Dwight Clayton and Hector Santos-Villalobos},
  title =        {An {HDF}5-based framework for the distribution and analysis of ultrasonic
                  concrete data},
  year =         {2017},
  doi =          {10.1063/1.4974639},
}

@misc{PyPI,
  note =         {Accessed: 2018-04-04},
  title =        {PyPI - the Python Package Index},
  url =          {https://pypi.org/},
}

@article{PylPaulTheodor2014a,
  author =       {Paul Theodor Pyl and Julian Gehring and Bernd Fischer and Wolfgang Huber},
  title =        {h5vc: scalable nucleotide tallies with {HDF}5},
  journal =      {Bioinformatics},
  volume =       30,
  number =       10,
  pages =        {1464--1466},
  year =         2014,
  doi =          {10.1093/bioinformatics/btu026},
  month =        {jan},
  publisher =    {Oxford University Press ({OUP})},
}

@misc{PythonProfilers,
  note =         {Accessed: 2018-04-04},
  title =        {The Python Profilers (Python 3.5)},
  url =          {https://docs.python.org/3.5/library/profile.html},
}

@misc{QMutex,
  note =         {Accessed: 2018-03-27},
  title =        {QMutex Class.},
  url =          {https://doc.qt.io/archives/qt-4.8/qmutex.html},
}

@article{Rau2004,
  author =       {Rau, A R P},
  title =        {{Perspectives on the Fano Resonance Formula}},
  journal =      {Physica Scripta},
  volume =       69,
  number =       1,
  pages =        {C10--C13},
  year =         2004,
  doi =          {10.1238/Physica.Regular.069a00C10},
  issn =         {0031-8949},
  month =        {jan},
}

@article{Rau2008,
  author =       {Rau, Ileana and Kajzar, Fran{\c{c}}ois and Luc, J{\'{e}}r{\^{o}}me and Sahraoui,
                  Bouchta and Boudebs, Georges},
  title =        {{Comparison of Z-scan and THG derived nonlinear index of refraction in selected
                  organic solvents}},
  journal =      {Journal of the Optical Society of America B},
  volume =       25,
  number =       10,
  pages =        1738,
  year =         2008,
  doi =          {10.1364/JOSAB.25.001738},
  issn =         {0740-3224},
  month =        {oct},
}

@misc{ReadTheDocs,
  note =         {Accessed: 2018-03-27},
  title =        {Read the Docs: Create, host, and browse documentation},
  url =          {https://readthedocs.org/},
}

@article{RentzepisPM1970a,
  author =       {Rentzepis, P. M.},
  title =        {{Ultrafast Processes}},
  journal =      {Science},
  volume =       169,
  number =       3942,
  pages =        {239--247},
  year =         1970,
  doi =          {10.1126/science.169.3942.239},
  issn =         {0036-8075},
  month =        {jul},
}

@article{RewRuss1990a,
  author =       {R. Rew and G. Davis},
  title =        {{NetCDF}: an interface for scientific data access},
  journal =      {{IEEE} Computer Graphics and Applications},
  volume =       10,
  number =       4,
  pages =        {76--82},
  year =         1990,
  doi =          {10.1109/38.56302},
  month =        {jul},
  publisher =    {Institute of Electrical and Electronics Engineers ({IEEE})},
}

@article{RiebeMichaelT1988a,
  author =       {Riebe, Michael T. and Wright, John C.},
  title =        {{Spectral line‐narrowing and saturation effects in fully resonant nondegenerate
                  four wave mixing}},
  journal =      {The Journal of Chemical Physics},
  volume =       88,
  number =       5,
  pages =        {2981--2994},
  year =         1988,
  doi =          {10.1063/1.453939},
  issn =         {0021-9606},
  month =        {mar},
}

@article{RoslyakOleksiy2009a,
  doi = {10.1103/physreva.79.063827},
  year  = {2009},
  month = {jun},
  publisher = {American Physical Society ({APS})},
  volume = {79},
  number = {6},
  author = {Oleksiy Roslyak and Christoph A. Marx and Shaul Mukamel},
  title = {Generalized Kramers-Heisenberg expressions for stimulated Raman scattering and two-photon absorption},
  journal = {Physical Review A}
}

@misc{SI2,
  note =         {Accessed: 2018-04-07},
  title =        {A Vision and Strategy for Software for Science, Engineering and Education:
                  Cyberinfrastrure Framework for the 21st Century},
  url =          {https://www.nsf.gov/pubs/2012/nsf12113/nsf12113.pdf},
}

@article{SalcedoJR1978a,
  author =       {Salcedo, J R and Siegman, A E and Dlott, D D and Fayer, M D},
  title =        {{Dynamics of Energy Transport in Molecular Crystals: The Picosecond
                  Transient-Grating Method}},
  journal =      {Physical Review Letters},
  volume =       41,
  number =       2,
  pages =        {131--134},
  year =         1978,
  doi =          {10.1103/PhysRevLett.41.131},
  issn =         {0031-9007},
  month =        {jul},
}

@article{SalvadorMayroseR2008a,
  author =       {Salvador, Mayrose R. and {Sreekumari Nair}, P. and Cho, Minhaeng and Scholes,
                  Gregory D},
  title =        {{Interaction between excitons determines the non-linear response of
                  nanocrystals}},
  journal =      {Chemical Physics},
  volume =       350,
  number =       {1-3},
  pages =        {56--68},
  year =         2008,
  doi =          {10.1016/j.chemphys.2007.12.020},
  issn =         03010104,
  month =        {jun},
}

@article{SandersRebecca2008a,
  author =       {R. Sanders and D. Kelly},
  title =        {Dealing with Risk in Scientific Software Development},
  journal =      {IEEE Software},
  volume =       25,
  pages =        {21-28},
  year =         2008,
  doi =          {10.1109/MS.2008.84},
  ISSN =         {0740-7459},
  month =        07,
}

@article{Schaller2003,
  author =       {Schaller, Richard D and Petruska, M. a. and Klimov, Victor I.},
  title =        {{Tunable Near-Infrared Optical Gain and Amplified Spontaneous Emission Using PbSe
                  Nanocrystals}},
  journal =      {The Journal of Physical Chemistry B},
  volume =       107,
  number =       50,
  pages =        {13765--13768},
  year =         2003,
  doi =          {10.1021/jp0311660},
  url =          {http://pubs.acs.org/doi/abs/10.1021/jp0311660},
  issn =         {1520-6106},
  month =        {dec},
}

@article{SchinsJuleon2009a,
  author =       {Schins, Juleon and Trinh, M. and Houtepen, Arjan and Siebbeles, Laurens},
  title =        {{Probing formally forbidden optical transitions in PbSe nanocrystals by time- and
                  energy-resolved transient absorption spectroscopy}},
  journal =      {Physical Review B},
  volume =       80,
  number =       3,
  pages =        035323,
  year =         2009,
  doi =          {10.1103/PhysRevB.80.035323},
  issn =         {1098-0121},
  month =        {jul},
}

@article{SchweigertIgorV2008a,
  author =       {Schweigert, Igor V. and Mukamel, Shaul},
  title =        {{Simulating multidimensional optical wave-mixing signals with finite-pulse
                  envelopes}},
  journal =      {Physical Review A},
  volume =       77,
  number =       3,
  pages =        033802,
  year =         2008,
  doi =          {10.1103/PhysRevA.77.033802},
  isbn =         {1050-2947},
  issn =         {1050-2947},
  month =        {mar},
}

@Misc{SciPy,
  author =       {Eric Jones and Travis Oliphant and Pearu Peterson and others},
  note =         {Accessed: 2018-04-04},
  title =        {{SciPy}: Open source scientific tools for {Python}},
  url =          {http://www.scipy.org/},
}

@inproceedings{SeamanCarolynB1997a,
  author =       {Carolyn B. Seaman and Victor R. Basili},
  title =        {An empirical study of communication in code inspections},
  booktitle =    {Proceedings of the 19th international conference on Software engineering - {ICSE}
                  {\textquotesingle}97},
  year =         1997,
  doi =          {10.1145/253228.253248},
  publisher =    {{ACM} Press},
}

@inproceedings{SegalJudith2004a,
  author =       {Segal, Judith},
  title =        {Models of scientific software development},
  booktitle =    {SECSE 08, First International Workshop on Software Engineering in Computational
                  Science and Engineering},
  year =         2008,
}

@article{SegalJudith2005a,
	author = {Judith Segal},
	title = {When Software Engineers Met Research Scientists: A Case Study},
	journal = {Empirical Software Engineering},
	year = {2005},
	month = {oct},
	volume = {10},
	number = {4},
	pages = {517--536},
	doi = {10.1007/s10664-005-3865-y},
}

@misc{SemanticVersioning,
  note =         {Accessed: 2018-04-04},
  title =        {Semantic Versioning},
  url =          {https://semver.org/},
}

@article{ShanmugamMariyappan2012a,
  author =       {Mariyappan Shanmugam and Chris A. Durcan and Bin Yu},
  title =        {Layered semiconductor molybdenum disulfide nanomembrane based Schottky-barrier
                  solar cells},
  journal =      {Nanoscale},
  volume =       4,
  number =       23,
  pages =        7399,
  year =         2012,
  doi =          {10.1039/c2nr32394j},
  publisher =    {Royal Society of Chemistry ({RSC})},
}

@article{SheikBahaeMansoor1989a,
  author =       {Sheik-bahae, M. and Said, A A and {Van Stryland}, E. W.},
  title =        {{High-sensitivity, single-beam n{\_}2 measurements}},
  journal =      {Optics Letters},
  volume =       14,
  number =       17,
  pages =        955,
  year =         1989,
  doi =          {10.1364/OL.14.000955},
  issn =         {0146-9592},
  month =        {sep},
}

@article{SheikBahaeMansoor1990a,
  author =       "Sheik-Bahae, M and Said, AA and Wei, T-H and Hagan, DJ and Van Stryland, EW",
  title =        "Sensitive measurement of optical nonlinearities using a single beam",
  journal =      "IEEE journal of quantum electronics.",
  volume =       26,
  number =       4,
  pages =        "760--769",
  year =         1990,
  address =      "[New York] :",
  issn =         "0018-9197",
  publisher =    "Institute of Electrical and Electronics Engineers",
}

@incollection{ShimanouchiT,
  author =       {Shimanouchi, T.},
  booktitle =    {NIST Standard Reference Database Number 69},
  doi =          {10.18434/T4D303},
  editor =       {Linstrom, P.J. and Mallard, W.G.},
  title =        {{Molecular Vibrational Frequencies}},
}

@article{SimSangwan2013a,
  author =       {Sangwan Sim and Jusang Park and Jeong-Gyu Song and Chihun In
                  and Yun-Shik Lee and Hyungjun Kim and Hyunyong Choi},
  title =        {Exciton dynamics in atomically thin {MoS}2: Interexcitonic
                  interaction and broadening kinetics},
  journal =      {Physical Review B},
  volume =       88,
  number =       7,
  year =         2013,
  doi =          {10.1103/physrevb.88.075434},
  month =        {aug},
}

@article{SkinnerJL1988a,
  author =       {J L Skinner},
  title =        {Theory of Pure Dephasing in Crystals},
  journal =      {Annual Review of Physical Chemistry},
  volume =       39,
  number =       1,
  pages =        {463--478},
  year =         1988,
  doi =          {10.1146/annurev.pc.39.100188.002335},
  month =        {oct},
  publisher =    {Annual Reviews},
}

@article{SmallwoodChristopherL2016a,
  author =       {Smallwood, Christopher L. and Autry, Travis M. and Cundiff, Steven T.},
  title =        {{Analytical solutions to the finite-pulse Bloch model for multidimensional
                  coherent spectroscopy}},
  journal =      {Journal of the Optical Society of America B},
  volume =       34,
  number =       2,
  pages =        419,
  year =         2017,
  doi =          {10.1364/JOSAB.34.000419},
  issn =         {0740-3224},
  month =        {feb},
}

@misc{SnakeViz,
  note =         {Accessed: 2018-04-04},
  title =        {SnakeViz},
  url =          {https://jiffyclub.github.io/snakeviz/},
}

@article{SpectorIvanC2015a,
	author = {Spector, Ivan C. and Olson, Courtney M. and Huber, Christopher J. and Massari, Aaron M.},
	title = {Simple fully reflective method of scatter reduction in 2D-IR spectroscopy},
	year = {2015},
	month = {apr},
	volume = {40},
	number = {8},
	pages = {1850--1852},
	journal = {Optics Letters},
	doi = {10.1364/OL.40.001850},
}

@article{SpencerAustinP2015a,
	author = {Spencer, Austin P. and Li, Hebin and Cundiff, Steven T. and Jonas, David M.},
	title = {Pulse Propagation Effects in Optical 2D Fourier-Transform Spectroscopy: Theory},
	year = {2015},
	volume = {119},
	number = {17},
	pages = {3936--3960},
	journal = {The Journal of Physical Chemistry A},
	doi = {10.1021/acs.jpca.5b00001},
}

@article{Spoor,
  author =       {Spoor, Frank C M and Tomi{\'{c}}, Stanko and Houtepen, Arjan J and Siebbeles,
                  Laurens D A},
  title =        {{Broadband Cooling Spectra of Hot Electrons and Holes in PbSe Quantum Dots}},
  journal =      {ACS Nano},
  volume =       11,
  number =       6,
  pages =        {6286--6294},
  year =         2017,
  doi =          {10.1021/acsnano.7b02506},
  issn =         {1936-0851},
  month =        {jun},
}

@article{SteehlerJK1985a,
  author =       {Steehler, J. K. and Wright, J. C.},
  title =        {{Parametric and nonparametric four‐wave mixing in pentacene: p ‐terphenyl}},
  journal =      {The Journal of Chemical Physics},
  volume =       83,
  number =       7,
  pages =        {3200--3208},
  year =         1985,
  doi =          {10.1063/1.449177},
  issn =         {0021-9606},
  month =        {oct},
}

@article{StoddenVictoria2016a,
  author =       {Stodden, V. and McNutt, M. and Bailey, D. H. and Deelman, E. and Gil, Y. and
                  Hanson, B. and Heroux, M. A. and Ioannidis, J. P. A. and Taufer, M.},
  title =        {Enhancing reproducibility for computational methods},
  journal =      {Science},
  volume =       354,
  number =       6317,
  pages =        {1240--1241},
  year =         2016,
  doi =          {10.1126/science.aah6168},
  month =        {dec},
}

@article{SunDezheng2014a,
  author =       {Dezheng Sun and Yi Rao and Georg A. Reider and Gugang Chen and
                  Yumeng You and Louis Br{\'{e}}zin and Avetik R. Harutyunyan
                  and Tony F. Heinz},
  title =        {Observation of Rapid Exciton{\textendash}Exciton Annihilation
                  in Monolayer Molybdenum Disulfide},
  journal =      {Nano Letters},
  volume =       14,
  number =       10,
  pages =        {5625--5629},
  year =         2014,
  doi =          {10.1021/nl5021975},
  month =        {oct},
}

@book{Sutherland,
  author =       {Sutherland, Richard L and Mclean, Daniel G and Kirkpatrick, Sean},
  title =        {{Handbook of Nonlinear Optics}},
  booktitle =    {New York},
  file =         {:C$\backslash$:/Users/Dan/AppData/Local/Mendeley Ltd./Mendeley
                  Desktop/Downloaded/Sutherland, Mclean, Kirkpatrick - Unknown - Handbook of
                  Nonlinear Optics with contributions by.pdf:pdf},
  isbn =         {0824742435},
}

@article{SvirkoP1999a,
  author =       {{P. Svirko}, Yuri and Shirane, Masayuki and Suzuura, Hidekatsu and
                  Kuwata-Gonokami, Makoto},
  title =        {{Four-Wave Mixing Theory at the Excitonic Resonance: Weakly Interacting Boson
                  Model}},
  journal =      {Journal of the Physical Society of Japan},
  volume =       68,
  number =       2,
  pages =        {674--682},
  year =         1999,
  doi =          {10.1143/JPSJ.68.674},
  issn =         {0031-9015},
  month =        {feb},
}

@article{TakanoTakumi2012a,
  author =       {Takumi Takano and Hiroyasu Masunaga and Akihiko Fujiwara and Hidenori Okuzaki and
                  Takahiko Sasaki},
  title =        {{PEDOT} Nanocrystal in Highly Conductive {PEDOT}:{PSS} Polymer Films},
  journal =      {Macromolecules},
  volume =       45,
  number =       9,
  pages =        {3859--3865},
  year =         2012,
  doi =          {10.1021/ma300120g},
  month =        {apr},
  publisher =    {American Chemical Society ({ACS})},
}

@article{Thalhammer1983,
  author =       {Thalhammer, M and Penzkofer, A},
  title =        {{Measurement of third-order nonlinear susceptibilities by non-phase matched
                  third-harmonic generation}},
  journal =      {Applied Physics B Photophysics and Laser Chemistry},
  volume =       32,
  number =       3,
  pages =        {137--143},
  year =         1983,
  doi =          {10.1007/BF00688819},
  issn =         {0721-7269},
  month =        {nov},
}

@article{ThomallaMarkus2006a,
  author =       {Markus Thomalla and Helmut Tributsch},
  title =        {Photosensitization of Nanostructured {TiO}2 with {WS}2 Quantum Sheets},
  journal =      {The Journal of Physical Chemistry B},
  volume =       110,
  number =       24,
  pages =        {12167--12171},
  year =         2006,
  doi =          {10.1021/jp061371q},
  month =        {jun},
  publisher =    {American Chemical Society ({ACS})},
}

@article{TimpanaroS2004a,
  author =       {S. Timpanaro and M. Kemerink and F.J. Touwslager and M.M. De Kok and S. Schrader},
  title =        {Morphology and conductivity of {PEDOT}/{PSS} films studied by
                  scanning{\textendash}tunneling microscopy},
  journal =      {Chemical Physics Letters},
  volume =       394,
  number =       {4-6},
  pages =        {339--343},
  year =         2004,
  doi =          {10.1016/j.cplett.2004.07.035},
  month =        {aug},
  publisher =    {Elsevier {BV}},
}

@article{TokmakoffAndrei1995a,
  author =       {Tokmakoff, A. and Fayer, M. D.},
  title =        {{Infrared Photon Echo Experiments: Exploring Vibrational Dynamics in Liquids and
                  Glasses}},
  journal =      {Accounts of Chemical Research},
  volume =       28,
  number =       11,
  pages =        {437--445},
  year =         1995,
  doi =          {10.1021/ar00059a001},
  issn =         {0001-4842},
  month =        {nov},
}

@article{TreinshLloydA1987a,
  author =       {Lloyd A. Treinish and Michael L. Gough},
  title =        {A software package for the data-independent management of multidimensional data},
  journal =      {Eos, Transactions American Geophysical Union},
  volume =       68,
  number =       28,
  pages =        633,
  year =         1987,
  doi =          {10.1029/eo068i028p00633},
  publisher =    {Wiley-Blackwell},
}

@article{Trinh2008,
  author =       {Trinh, M Tuan and Houtepen, Arjan J and Schins, Juleon M and Piris, Jorge and
                  Siebbeles, Laurens D a},
  title =        {{Nature of the second optical transition in PbSe nanocrystals.}},
  journal =      {Nano letters},
  volume =       8,
  number =       7,
  pages =        {2112--7},
  year =         2008,
  doi =          {10.1021/nl8010963},
  issn =         {1530-6984},
  month =        {jul},
  pmid =         18510369,
}

@article{Trinh2013,
  author =       {Trinh, M. Tuan and Sfeir, Matthew Y. and Choi, Joshua J. and Owen, Jonathan S.
                  and Zhu, Xiaoyang},
  title =        {{A Hot Electron–Hole Pair Breaks the Symmetry of a Semiconductor Quantum Dot}},
  journal =      {Nano Letters},
  volume =       13,
  number =       12,
  pages =        {6091--6097},
  year =         2013,
  doi =          {10.1021/nl403368y},
  issn =         {1530-6984},
  month =        {dec},
}

@article{TurnerDanielB2009a,
  author =       {Daniel B. Turner and Katherine W. Stone and Kenan Gundogdu and
                  Keith A. Nelson},
  title =        {Three-dimensional electronic spectroscopy of excitons in
                  {GaAs} quantum wells},
  journal =      {The Journal of Chemical Physics},
  volume =       131,
  number =       14,
  pages =        144510,
  year =         2009,
  doi =          {10.1063/1.3245964},
  month =        {oct},
}

@article{VardenyZ1981a,
  author =       {Vardeny, Z. and Tauc, J.},
  title =        {{Picosecond coherence coupling in the pump and probe technique}},
  journal =      {Optics Communications},
  volume =       39,
  number =       6,
  pages =        {396--400},
  year =         1981,
  doi =          {10.1016/0030-4018(81)90231-5},
  issn =         00304018,
  month =        {nov},
}

@misc{VingeVernor2012a,
  note =         {Accessed: 2018-03-24},
  title =        {A Singularity Sensation},
  url =          {http://sm.stanford.edu/archive/stanmed/2012summer/article4.html},
}

@article{VoehringerPeter1995a,
  author =       {Voehringer, Peter and Scherer, Norbert F},
  title =        {{Transient Grating Optical Heterodyne Detected Impulsive Stimulated Raman
                  Scattering in Simple Liquids}},
  journal =      {The Journal of Physical Chemistry},
  volume =       99,
  number =       9,
  pages =        {2684--2695},
  year =         1995,
  doi =          {10.1021/j100009a027},
  issn =         {0022-3654},
  month =        {mar},
}

@article{VolkmerAndreas2001a,
  author =       {Andreas Volkmer and Ji-Xin Cheng and X. Sunney Xie},
  title =        {Vibrational Imaging with High Sensitivity via Epidetected Coherent Anti-Stokes
                  Raman Scattering Microscopy},
  journal =      {Physical Review Letters},
  volume =       87,
  number =       2,
  year =         2001,
  doi =          {10.1103/physrevlett.87.023901},
  month =        {jun},
  publisher =    {American Physical Society ({APS})},
}

@article{WangQingHua2012a,
  author =       {Qing Hua Wang and Kourosh Kalantar-Zadeh and Andras Kis and Jonathan N. Coleman
                  and Michael S. Strano},
  title =        {Electronics and optoelectronics of two-dimensional transition metal
                  dichalcogenides},
  journal =      {Nature Nanotechnology},
  volume =       7,
  number =       11,
  pages =        {699--712},
  year =         2012,
  doi =          {10.1038/nnano.2012.193},
  month =        {nov},
  publisher =    {Springer Nature},
}

@article{WardJF1965a,
  doi = {10.1103/revmodphys.37.1},
  year  = {1965},
  month = {jan},
  publisher = {American Physical Society ({APS})},
  volume = {37},
  number = {1},
  pages = {1--18},
  author = {J. F. WARD},
  title = {Calculation of Nonlinear Optical Susceptibilities Using Diagrammatic Perturbation Theory},
  journal = {Reviews of Modern Physics}
}

@inproceedings{WattsBenjamin2016a,
  author =       {Benjamin Watts and J\"{o}rg Raabe},
  title =        {A {NeXus}/{HDF}5 based file format for {STXM}},
  year =         {2016},
  doi =          {10.1063/1.4937536},
  url =          {https://doi.org/10.1063/1.4937536},
  publisher =    {{AIP} Publishing {LLC}},
}

@article{Wawrzynczyk2016,
  author =       {Wawrzynczyk, Dominika and Szeremeta, Janusz and Samoc, Marek and Nyk, Marcin},
  title =        {{Third-Order Nonlinear Optical Properties of Infrared Emitting PbS and PbSe
                  Quantum Dots}},
  journal =      {The Journal of Physical Chemistry C},
  volume =       120,
  number =       38,
  pages =        {21939--21945},
  year =         2016,
  doi =          {10.1021/acs.jpcc.6b05956},
  issn =         {1932-7447},
  month =        {sep},
}

@article{WehnerMU1996a,
  author =       {M. U. Wehner and D. Steinbach and M. Wegener},
  title =        {Ultrafast coherent transients due to exciton-continuum scattering in bulk {GaAs}},
  journal =      {Physical Review B},
  volume =       54,
  number =       8,
  pages =        {R5211--R5214},
  year =         1996,
  doi =          {10.1103/physrevb.54.r5211},
  month =        {aug},
  publisher =    {American Physical Society ({APS})},
}

@article{WehrenbergBrianL2002a,
  author =       {Wehrenberg, Brian L. and Wang, Congjun and Guyot-Sionnest, Philippe},
  title =        {{Interband and Intraband Optical Studies of PbSe Colloidal Quantum Dots}},
  journal =      {The Journal of Physical Chemistry B},
  volume =       106,
  number =       41,
  pages =        {10634--10640},
  year =         2002,
  doi =          {10.1021/jp021187e},
  issn =         {1520-6106},
  month =        {oct},
}

@article{WehrenbergBrianL2002a,
  author =       {Wehrenberg, Brian L. and Wang, Congjun and Guyot-Sionnest, Philippe},
  title =        {{Interband and Intraband Optical Studies of PbSe Colloidal Quantum Dots}},
  journal =      {The Journal of Physical Chemistry B},
  volume =       106,
  number =       41,
  pages =        {10634--10640},
  year =         2002,
  doi =          {10.1021/jp021187e},
  issn =         {1520-6106},
  month =        {oct},
}

@article{Weiner1991,
  author =       {Weiner, A M and Wiederrecht, Gary P and Nelson, Keith A and Leaird, D E},
  title =        {{Femtosecond multiple-pulse impulsive stimulated Raman scattering spectroscopy}},
  journal =      {Journal of the Optical Society of America B},
  volume =       8,
  number =       6,
  pages =        1264,
  year =         1991,
  doi =          {10.1364/JOSAB.8.001264},
  issn =         {0740-3224},
  month =        {jun},
}

@article{WeinerAM1985a,
  author =       {Weiner, A M and {De Silvestri}, S. and Ippen, E P},
  title =        {{Three-pulse scattering for femtosecond dephasing studies: theory and
                  experiment}},
  journal =      {Journal of the Optical Society of America B},
  volume =       2,
  number =       4,
  pages =        654,
  year =         1985,
  doi =          {10.1364/JOSAB.2.000654},
  issn =         {0740-3224},
  month =        {apr},
}

@article{WellsDC1981a,
  author =       {{Wells}, D.~C. and {Greisen}, E.~W. and {Harten}, R.~H.},
  title =        "{FITS - a Flexible Image Transport System}",
  journal =      {Astronomy and Astrophysics Supplement},
  volume =       44,
  pages =        363,
  year =         1981,
  month =        jun,
}

@article{WickhamHadley2014a,
  author =       {Hadley Wickham},
  title =        {Tidy data},
  journal =      {Journal of Statistical Software},
  volume =       59,
  number =       10,
  pages =        {1--23},
  year =         2014,
  publisher =    {Foundation for Open Access Statistics},
}

@article{WilsonGreg2006a,
  ISSN =         {1521-9615},
  author =       {G. Wilson},
  doi =          {10.1109/MCSE.2006.122},
  journal =      {Computing in Science {\&} Engineering},
  month =        11,
  pages =        {66-69},
  title =        {Software Carpentry: Getting Scientists to Write Better Code by Making Them More
                  Productive},
  volume =       8,
  year =         2006,
}

@article{WilsonGreg2014a,
  author =       {Greg Wilson and D. A. Aruliah and C. Titus Brown and Neil P. Chue Hong and Matt
                  Davis and Richard T. Guy and Steven H. D. Haddock and Kathryn D. Huff and Ian M.
                  Mitchell and Mark D. Plumbley and Ben Waugh and Ethan P. White and Paul Wilson},
  title =        {Best Practices for Scientific Computing},
  journal =      {{PLoS} Biology},
  volume =       12,
  number =       1,
  pages =        {e1001745},
  year =         2014,
  doi =          {10.1371/journal.pbio.1001745},
  url =          {https://doi.org/10.1371/journal.pbio.1001745},
  editor =       {Jonathan A. Eisen},
  month =        {jan},
  publisher =    {Public Library of Science ({PLoS})},
}

@article{WilsonGreg2017a,
  author =       {Greg Wilson and Jennifer Bryan and Karen Cranston and Justin Kitzes and Lex
                  Nederbragt and Tracy K. Teal},
  title =        {Good enough practices in scientific computing},
  journal =      {{PLOS} Computational Biology},
  volume =       13,
  number =       6,
  pages =        {e1005510},
  year =         2017,
  doi =          {10.1371/journal.pcbi.1005510},
  editor =       {Francis Ouellette},
  month =        {jun},
  publisher =    {Public Library of Science ({PLoS})},
}

@article{WiseFrankW2000a,
  author =       {Wise, Frank W.},
  title =        {{Lead salt quantum dots: the limit of strong quantum confinement.}},
  journal =      {Accounts of chemical research},
  volume =       33,
  number =       11,
  pages =        {773--80},
  year =         2000,
  month =        {nov},
  pmid =         11087314,
}

@article{WongCathyY2011a,
  author =       {Cathy Y. Wong and Gregory D. Scholes},
  title =        {Using two-dimensional photon echo spectroscopy to probe the fine structure of the
                  ground state biexciton of {CdSe} nanocrystals},
  journal =      {Journal of Luminescence},
  volume =       131,
  number =       3,
  pages =        {366--374},
  year =         2011,
  doi =          {10.1016/j.jlumin.2010.09.015},
  month =        {mar},
  publisher =    {Elsevier {BV}},
}

@article{WrightJohnCurtis1991a,
  author =       {Wright, John C. and Carlson, Roger J. and Hurst, Gregory B. and Steehler, John K.
                  and Riebe, Michael T. and Price, Bradford B. and Nguyen, Dinh C. and Lee, Steven
                  H.},
  title =        {{Molecular, multiresonant coherent four-wave mixing spectroscopy}},
  journal =      {International Reviews in Physical Chemistry},
  volume =       10,
  number =       4,
  pages =        {349--390},
  year =         1991,
  doi =          {10.1080/01442359109353262},
  issn =         {0144-235X},
  month =        {oct},
}

@article{WrightJohnCurtis1997a,
  author =       {Wright, John C.},
  title =        {{New selective nonlinear vibrational spectroscopies}},
  journal =      {Journal of Luminescence},
  volume =       {72-74},
  pages =        {799--801},
  year =         1997,
  doi =          {10.1016/S0022-2313(97)00008-2},
  isbn =         6082620453,
  issn =         00222313,
  month =        {jun},
}

@article{WrightJohnCurtis1997b,
  author =       {Wright, John C. and Chen, Peter C. and Hamilton, James P. and Zilian, Arne and
                  Labuda, Mitchell J.},
  title =        {{Theoretical Foundations for a New Family of Infrared Four-Wave Mixing
                  Spectroscopies}},
  journal =      {Applied Spectroscopy},
  volume =       51,
  number =       7,
  pages =        {949--958},
  year =         1997,
  doi =          {10.1366/0003702971941601},
  issn =         {0003-7028},
  month =        {jul},
}

@article{WrightJohnCurtis2003a,
  author =       {Wright, John C. and Condon, Nicholas J. and Murdoch, Keith M. and Besemann,
                  Daniel M. and Meyer, Kent a.},
  title =        {{Quantitative Modeling of Nonlinear Processes in Coherent Two-Dimensional
                  Vibrational Spectroscopy †}},
  journal =      {The Journal of Physical Chemistry A},
  volume =       107,
  number =       40,
  pages =        {8166--8176},
  year =         2003,
  doi =          {10.1021/jp034018i},
  issn =         {1089-5639},
  month =        {oct},
}

@article{WrightJohnCurtis2011a,
  author =       {John C. Wright},
  title =        {Multiresonant Coherent Multidimensional Spectroscopy},
  journal =      {Annual Review of Physical Chemistry},
  volume =       62,
  number =       1,
  pages =        {209--230},
  year =         2011,
  doi =          {10.1146/annurev-physchem-032210-103551},
  month =        {may},
  publisher =    {Annual Reviews},
}


@article{WrightJohnCurtis2016a,
  author =       {Wright, John C.},
  title =        {{Analytical chemistry, multidimensional spectral signatures, and the future of
                  coherent multidimensional spectroscopy}},
  journal =      {Chemical Physics Letters},
  volume =       662,
  pages =        {1--13},
  year =         2016,
  doi =          {10.1016/j.cplett.2016.07.045},
  issn =         00092614,
  month =        {oct},
  publisher =    {Elsevier B.V.},
}

@article{XiaoDi2012a,
  author =       {Di Xiao and Gui-Bin Liu and Wanxiang Feng and Xiaodong Xu and
                  Wang Yao},
  title =        {Coupled Spin and Valley Physics in Monolayers {ofMoS}2and
                  Other Group-{VI} Dichalcogenides},
  journal =      {Physical Review Letters},
  volume =       108,
  number =       19,
  year =         2012,
  doi =          {10.1103/physrevlett.108.196802 },
  month =        {may},
}

@article{XiongWei2011a,
  author =       {W. Xiong and J. E. Laaser and R. D. Mehlenbacher and M. T. Zanni},
  title =        {Adding a dimension to the infrared spectra of interfaces using heterodyne
                  detected 2D sum-frequency generation ({HD} 2D {SFG}) spectroscopy},
  journal =      {Proceedings of the National Academy of Sciences},
  volume =       108,
  number =       52,
  pages =        {20902--20907},
  year =         2011,
  doi =          {10.1073/pnas.1115055108},
  month =        {dec},
  publisher =    {Proceedings of the National Academy of Sciences},
}

@article{XuXiaodong2014a,
	author = {Xiaodong Xu and Wang Yao and Di Xiao and Tony F. Heinz},
	title = {Spin and pseudospins in layered transition metal dichalcogenides},
	journal = {Nature Physics},
	year = {2014},
	month = {apr},
	volume = {10},
	number = {5},
	pages = {343--350},
	doi = {10.1038/nphys2942},
}

@article{YangYe2015a,
  author =       {Yang, Ye and Yan, Yong and Yang, Mengjin and Choi, Sukgeun and Zhu, Kai and
                  Luther, Joseph M and Beard, Matthew C},
  title =        {{Low surface recombination velocity in}},
  journal =      {Nature Communications},
  volume =       6,
  pages =        {1--6},
  year =         2015,
  doi =          {10.1038/ncomms8961},
  publisher =    {Nature Publishing Group},
}

@article{YangYe2017a,
  author =       {Yang, Ye and Yang, Mengjin and Moore, David?T. and Yan, Yong and Miller, Elisa M.
                  and Zhu, Kai and Beard, Matthew?C.},
  title =        {{Top and bottom surfaces limit carrier lifetime in lead iodide perovskite films}},
  journal =      {Nature Energy},
  volume =       2,
  number =       2,
  pages =        16207,
  year =         2017,
  doi =          {10.1038/nenergy.2016.207},
  month =        {jan},
}

@article{YeeTK1978a,
  author =       {Yee, T. K. and Gustafson, T. K.},
  title =        {Diagrammatic analysis of the density operator for nonlinear optical calculations:
                  Pulsed and cw responses},
  journal =      {Physical Review A},
  volume =       18,
  number =       4,
  pages =        {1597--1617},
  year =         1978,
  doi =          {10.1103/PhysRevA.18.1597},
  month =        {oct},
}

@article{YetzbacherMichaelK2007a,
  author =       {Yetzbacher, Michael K and Belabas, Nadia and Kitney, Katherine a and Jonas, David
                  M.},
  title =        {{Propagation, beam geometry, and detection distortions of peak shapes in
                  two-dimensional Fourier transform spectra}},
  journal =      {The Journal of Chemical Physics},
  volume =       126,
  number =       4,
  pages =        044511,
  year =         2007,
  doi =          {10.1063/1.2426337},
  issn =         {0021-9606},
  month =        {jan},
  pmid =         17286491,
}

@article{YoonSangwoon2005a,
  author =       {Yoon, Sangwoon and McCamant, David W. and Kukura, Philipp and Mathies, Richard A
                  and Zhang, Donghui and Lee, Soo-Y},
  title =        {{Dependence of line shapes in femtosecond broadband stimulated Raman spectroscopy
                  on pump-probe time delay}},
  journal =      {The Journal of Chemical Physics},
  volume =       122,
  number =       2,
  pages =        024505,
  year =         2005,
  doi =          {10.1063/1.1828044},
  issn =         {0021-9606},
  month =        {jan},
}

@article{YursLenaA2011a,
  author =       {Yurs, Lena A and Block, Stephen B. and Pakoulev, Andrei V and Selinsky, Rachel S.
                  and Jin, Song and Wright, John},
  title =        {Multiresonant Coherent Multidimensional Electronic Spectroscopy of Colloidal PbSe
                  Quantum Dots},
  journal =      {The Journal of Physical Chemistry C},
  volume =       115,
  number =       46,
  pages =        {22833--22844},
  year =         2011,
  doi =          {10.1021/jp207273x},
  month =        {nov},
}

@article{YursLenaA2012a,
  author =       {Yurs, Lena A and Block, Stephen B and Pakoulev, Andrei V. and Selinsky, Rachel S.
                  and Jin, Song and Wright, John},
  title =        {{Spectral Isolation and Measurement of Surface-Trapped State Multidimensional
                  Nonlinear Susceptibility in Colloidal Quantum Dots}},
  journal =      {The Journal of Physical Chemistry C},
  volume =       116,
  number =       9,
  pages =        {5546--5553},
  year =         2012,
  doi =          {10.1021/jp3014139},
  issn =         {1932-7447},
  month =        {mar},
}

@article{ZanniMartinT2001a,
  author =       {Zanni, Martin T and Asplund, Matthew C and Hochstrasser, Robin M},
  title =        {{Two-dimensional heterodyned and stimulated infrared photon echoes of
                  N-methylacetamide-D}},
  journal =      {The Journal of Chemical Physics},
  volume =       114,
  number =       10,
  pages =        4579,
  year =         2001,
  doi =          {10.1063/1.1346647},
  issn =         00219606,
}

@article{ZengHualing2012a,
  author =       {Hualing Zeng and Junfeng Dai and Wang Yao and Di Xiao and Xiaodong Cui},
  title =        {Valley polarization in {MoS}2 monolayers by optical pumping},
  journal =      {Physical Review Letters},
  volume =       83,
  number =       10,
  pages =        {1950--1953},
  year =         1999,
  doi =          {10.1103/PhysRevLett.83.1950},
  issn =         {0031-9007},
  month =        {sep},
}

@article{ZhaoWei1999a,
  author =       {Wei Zhao and John C. Wright},
  title =        {Measurement of$\upchi$(3)for Doubly Vibrationally Enhanced Four Wave Mixing
                  Spectroscopy},
  journal =      {Physical Review Letters},
  volume =       83,
  number =       10,
  pages =        {1950--1953},
  year =         1999,
  doi =          {10.1103/physrevlett.83.1950},
  month =        {sep},
  publisher =    {American Physical Society ({APS})},
}

@article{ZhaoWei1999b,
  author =       {Zhao, Wei and Wright, John C.},
  title =        {{Spectral Simplification in Vibrational Spectroscopy Using Doubly Vibrationally
                  Enhanced Infrared Four Wave Mixing}},
  journal =      {Journal of the American Chemical Society},
  volume =       121,
  number =       47,
  pages =        {10994--10998},
  year =         1999,
  doi =          {10.1021/ja9926414},
  issn =         {0002-7863},
  month =        {dec},
}

@article{ZhaoWei2000a,
  author =       {Zhao, Wei and Urdoch, Keith M M and Besemann, Daniel M and Condon, Nicholas J.
                  and Meyer, Kent a. and Right, John C W},
  title =        {{Nonlinear Two - Dimensional Vibrational Spectroscopy}},
  journal =      {Applied Spectroscopy},
  volume =       54,
  number =       7,
  year =         2000,
}

@ARTICLE{ZhaoWei2000b,
  author =       {{Zhao}, W. and {Wright}, J.~C.},
  doi =          {10.1103/PhysRevLett.84.1411},
  journal =      {Physical Review Letters},
  month =        feb,
  pages =        {1411-1414},
  title =        "{Doubly Vibrationally Enhanced Four Wave Mixing: The Optical Analog to 2D NMR}",
  volume =       84,
  year =         2000,
}

@article{ZhuBairen2014a,
  author =       {Bairen Zhu and Hualing Zeng and Junfeng Dai and Xiaodong Cui},
  title =        {The Study of Spin-Valley Coupling in Atomically Thin Group {VI} Transition Metal
                  Dichalcogenides},
  journal =      {Advanced Materials},
  volume =       26,
  number =       31,
  pages =        {5504--5507},
  year =         2014,
  doi =          {10.1002/adma.201305367},
  month =        {apr},
  publisher =    {Wiley-Blackwell},
}


@article{ZhuoJingMei2008a,
  author =       {Jing-Mei Zhuo and Li-Hong Zhao and Perq-Jon Chia and Wee-Sun Sim and Richard H.
                  Friend and Peter K. H. Ho},
  title =        {Direct Evidence for Delocalization of Charge Carriers at the Fermi Level in a
                  Doped Conducting Polymer},
  journal =      {Physical Review Letters},
  volume =       100,
  number =       18,
  year =         2008,
  doi =          {10.1103/physrevlett.100.186601},
  month =        {may},
  publisher =    {American Physical Society ({APS})},
}

@misc{git.chem.wisc.edu,
  note =         {Accessed: 2018-04-04},
  title =        {GitLab (University of Wisconsin-Madison Chemistry},
  url =          {https://git.chem.wisc.edu/},
}

@misc{h5py,
  note =         {Accessed: 2018-04-04},
  title =        {h5py: HDF5 for Python},
  url =          {https://www.h5py.org/},
}

@misc{h5py.Group,
  note =         {Accessed: 2018-03-25},
  title =        {h5py Groups documentation.},
  url =          {http://docs.h5py.org/en/latest/high/group.html#groups},
}

@misc{nanoram,
  note =         {Accessed: 2018-04-15},
  title =        {NanoRam Handheld Raman Spectrometer for Material ID},
  url =          {http://bwtek.com/products/nanoram/},
}

@misc{ndindex,
  note =         {Accessed: 2018-04-15},
  title =        {numpy.ndindex},
  url =          {https://docs.scipy.org/doc/numpy/reference/generated/numpy.ndindex.html},
}

@misc{pyqtgraph,
  note =         {Accessed: 2018-03-27},
  title =        {PyQtGraph: Scientific Graphics and GUI Library for Python},
  url =          {http://pyqtgraph.org/},
}

@article{vandeRuitKevin2013a,
  author =       {Kevin van de Ruit and Racheli Itzhak Cohen and Dirk Bollen and Ton van Mol and
                  Rachel Yerushalmi-Rozen and Ren{\'{e}} A. J. Janssen and Martijn Kemerink},
  title =        {Quasi-One Dimensional in-Plane Conductivity in Filamentary Films of
                  {PEDOT}:{PSS}},
  journal =      {Advanced Functional Materials},
  volume =       23,
  number =       46,
  pages =        {5778--5786},
  year =         2013,
  doi =          {10.1002/adfm.201301174},
  month =        {jun},
  publisher =    {Wiley-Blackwell},
}
